3796 5518
869 447 1074 513 -13..

249 633 343 697 velut
377 634 403 696 Z
432 634 494 697 247
525 642 647 718 nuptae
677 633 765 698 filiae
795 635 917 700 Priami
947 636 1061 714 κοῦραι
1093 635 1295 716 dicuntum).
1334 636 1464 700 Deinde
1495 642 1603 698 autem
1625 633 1687 697 hoc

249 758 367 801 nomen
402 734 590 820 significatu
619 739 755 820 virginis
787 747 820 801 et
851 737 937 801 filiae
968 739 1124 824 innuptae
1155 739 1213 803 sed
1243 749 1352 803 tamen
1383 739 1514 803 adultae
1545 738 1689 800 contine·

247 839 355 920 batur,
397 839 439 903 cf.
477 839 530 903 Pr.
555 839 628 921 674,
662 839 720 906 ch.
747 841 818 920 168,
852 840 907 905 Su.
934 842 1004 923 151,
1039 841 1108 909 00.
1131 841 1183 923 40,
1218 841 1268 905 El.
1291 840 1321 921 5,
1356 863 1441 926 quae
1472 843 1522 904 vis
1544 841 1685 903 maxime

248 943 410 1028 probatur
437 942 587 1006 versibus
610 942 708 1028 Soph.
732 943 788 1010 Tr.
812 943 876 1008 536
898 939 1083 1028 adopertio,
1107 941 1196 1022 οἶμαι
1223 935 1253 1006 ‹l'
1277 932 1385 1021 οὐκέτ’,
1407 933 1474 1004 ἀλλ’
1498 937 1688 1023 ἐζευγμένην

247 1044 519 1125 παρεοσὸέδεγμαι
543 1055 574 1108 et
599 1045 659 1109 148
683 1040 740 1114 ἕως
762 1065 808 1114 τις
832 1036 901 1108 ἀντὶ
921 1049 1089 1125 παρθένου
1117 1039 1196 1130 γυνὴ
1220 1043 1334 1129 κληθῇ.
1378 1044 1554 1129 Euripides
1576 1054 1686 1108 autem

248 1170 310 1213 usu
325 1147 501 1211 Homerico
525 1145 564 1226 (Z
579 1148 652 1228 247,
673 1149 704 1212 Α
720 1147 774 1224 98)
800 1171 840 1211 ex
863 1148 1028 1214 oblivione
1050 1159 1218 1237 protracto
1242 1149 1373 1214 dicebat
1394 1143 1494 1230 κόρην
1516 1146 1685 1212 mulierem

246 1259 394 1336 nuptam,
431 1249 494 1316 Me.
532 1250 595 1315 623
632 1245 731 1334 πόθῳ
759 1247 818 1334 γὰρ
857 1249 913 1335 τῆς
947 1249 1129 1336 νεοδμητου
1165 1251 1265 1336 κόρης
1300 1250 1393 1334 αἱρεῖ,
1428 1250 1499 1331 788,
1534 1249 1587 1314 Hi.
1626 1251 1683 1313 141

247 1353 387 1437 aliisque
432 1350 523 1433 locis,
569 1350 624 1416 Or.
664 1355 746 1418 1438
784 1355 889 1441 ipsam
926 1354 1100 1420 Helenam.
1158 1357 1197 1420 In
1228 1354 1365 1420 alteram
1395 1375 1526 1440 quoque
1556 1361 1684 1437 partem

248 1455 430 1520 Homerum
453 1454 506 1534 (Il.
526 1455 573 1535 16,
597 1453 629 1538 7)
665 1466 796 1521 secutus
815 1480 954 1544 parvam
974 1458 1119 1543 puellam
1140 1457 1240 1542 κόρην
1262 1456 1403 1538 dicebat,
1424 1454 1517 1520 velut
1532 1443 1686 1519 Eumelus

247 1581 396 1624 sororem
432 1580 522 1622 suam
547 1558 693 1645 appellat
729 1555 859 1638 σόγκασι
885 1582 943 1640 μοι
971 1556 1069 1641 κοόρα
1097 1561 1152 1628 Al.
1181 1561 1254 1627 410.
1298 1560 1386 1623 Huic
1408 1568 1519 1622 autem
1541 1557 1687 1621 libertati

247 1660 449 1745 Euripideae
473 1661 649 1725 attribuere
672 1685 737 1728 non
761 1662 886 1745 dubito,
910 1664 999 1748 quod
1015 1663 1236 1730 Mnesilochus
1257 1662 1314 1727 ille
1338 1664 1393 1748 qui
1413 1661 1531 1726 dicitur
1546 1659 1605 1724 Th.
1623 1661 1686 1723 733

247 1761 429 1847 puellulam
454 1763 545 1826 illam
567 1767 665 1828 matri
689 1777 842 1850 ereptam,
867 1789 965 1852 quam
989 1768 1047 1832 731
1072 1767 1205 1829 παιδίον
1227 1765 1463 1851 appellaverat,
1482 1758 1581 1844 κόρην
1597 1761 1687 1843 dicit,

246 1859 351 1933 ἀσκός
378 1857 492 1943 ἐγένετ’
517 1860 648 1950 ηκόρη.
693 1866 821 1932 (leteris
852 1870 936 1932 enim
958 1868 1049 1951 locis,
1071 1880 1107 1933 nt
1135 1870 1196 1933 Ve.
1221 1869 1313 1948 1437,
1336 1867 1398 1951 Ly.
1421 1866 1495 1946 473,
1517 1865 1590 1947 593,
1612 1864 1684 1946 595,

248 1966 309 2031 Th.
332 1965 405 2050 405,
429 1969 502 2050 406,
526 1968 584 2034 Ra.
600 1971 672 2052 444,
696 1963 786 2054 κόρη,
810 1971 898 2056 quod
921 1994 1025 2056 aeque
1057 1994 1095 2036 ac
1117 1973 1283 2053 παρθένος
1304 1973 1338 2033 in
1361 1965 1530 2032 comoedia
1551 1988 1684 2052 prorsus

246 2068 403 2133 sollemne
428 2080 486 2145 est,
508 2093 582 2136 cum
605 2068 701 2155 κόρος
720 2095 784 2137 uuo
808 2074 864 2137 illo
889 2074 1162 2158 paratragoedico
1186 2074 1368 2158 fragmento
1391 2070 1454 2136 558
1486 2065 1518 2138 ές
1544 2065 1682 2132 Οἰδίπου

246 2169 284 2233 δέ
311 2173 419 2254 παῖδε,
450 2171 590 2251 δοπτόχω
619 2171 705 2255 κόρω
735 2176 874 2258 legatur,
906 2199 1035 2261 semper
1058 2184 1107 2240 est
1128 2179 1224 2260 virgo
1248 2175 1370 2255 adulta,
1392 2182 1429 2238 ut
1451 2172 1683 2257 Theopompus

246 2272 324 2338 dicit
355 2276 393 2340 tr.
421 2278 461 2339 14
490 2272 712 2355 καταχύσματα
734 2281 854 2352 ταχέως
876 2274 1005 2355 κατάχεε
1026 2276 1084 2341 τοῦ
1105 2282 1245 2361 νυμφίου
1266 2279 1317 2340 καὶ
1338 2277 1395 2359 τῆς
1415 2270 1521 2357 κόρης.
1566 2274 1682 2358 Aeque

245 2401 284 2442 ac
313 2381 451 2443 nominis
483 2374 601 2449 παιδός
631 2381 800 2445 comoedia
832 2380 1048 2465 significatum
1087 2377 1183 2464 κόρης
1214 2382 1356 2465 priorem
1386 2379 1539 2458 servavit,
1574 2397 1682 2460 neque

245 2503 400 2565 umquam
431 2485 459 2545 ei
489 2477 567 2564 κόρη
598 2490 646 2547 est
675 2483 753 2561 filia,
781 2486 842 2548 nisi
873 2483 961 2569 quod
989 2485 1126 2568 legimus
1157 2506 1198 2547 ex
1220 2484 1354 2547 deorum
1388 2481 1516 2566 hymnis
1552 2487 1681 2562 sumpta

243 2578 415 2667 Δήμητρος
451 2579 531 2668 κόρη
568 2584 628 2650 Ra.
666 2587 727 2650 337
767 2598 800 2651 et
832 2590 962 2671 Νηρέως
991 2585 1083 2668 κόραι
1116 2587 1176 2652 Th.
1207 2587 1285 2666 325;
1325 2585 1413 2670 quod
1443 2590 1552 2647 autem
1575 2591 1681 2644 exstat

243 2686 301 2753 Pa.
328 2688 389 2752 119
411 2685 542 2760 δοξάσαι
563 2682 642 2770 ἔστι,
661 2684 762 2771 κόραν,
786 2711 827 2752 ex
850 2689 1015 2774 Euripidis
1038 2690 1142 2754 Aeolo
1163 2698 1328 2774 sumptum
1353 2703 1408 2750 est.

349 2823 468 2888 Adhuc
492 2827 638 2908 exceptis
661 2827 832 2892 vocabulis
854 2823 935 2910 κόρη
961 2837 992 2891 et
1014 2823 1117 2907 κόρος,
1141 2826 1259 2912 quibus
1274 2833 1410 2911 propter
1426 2822 1680 2904 similitudinem,

243 2948 329 3010 quae
353 2928 400 2990 eis
432 2936 480 2991 est
507 2950 580 2990 cum
601 2924 690 3007 γόνος
713 2938 745 2992 et
768 2929 871 3011 τόκος,
893 2929 945 2993 hic
967 2929 1076 2994 locum
1099 2928 1186 3010 dedi,
1210 2952 1250 2993 ea
1271 2930 1402 2991 nomina
1424 2926 1573 3002 tractavi,
1596 2945 1679 3008 quae

241 3039 303 3091 ant
337 3029 428 3092 initio
466 3033 649 3094 communia
688 3049 789 3112 erant,
824 3032 941 3096 deinde
975 3031 1153 3096 masculina
1187 3027 1321 3111 fiebant,
1358 3030 1508 3113 denique,
1540 3034 1679 3110 excepto

242 3134 372 3197 nomine
406 3130 523 3204 παιδός
555 3134 597 3198 ab
623 3135 778 3221 Euripide
813 3136 952 3219 demum,
986 3158 1046 3222 pro
1076 3137 1230 3200 feminino
1262 3155 1393 3219 quoque
1426 3127 1679 3214 usurpabantur,

243 3245 299 3300 aut
322 3258 407 3320 quae
430 3236 615 3300 retinebant
638 3237 854 3321 significatum
878 3261 971 3303 suum
993 3239 1185 3320 neutralem,
1217 3260 1313 3323 quem
1339 3237 1479 3322 primum
1501 3230 1679 3295 habebant.

244 3336 373 3419 Quibus
407 3339 517 3403 alteris
552 3339 722 3404 adicienda
756 3343 854 3406 etiam
889 3354 964 3404 sunt
994 3340 1168 3419 παίδευμα,
1197 3344 1344 3423 γέννημα,
1375 3332 1522 3412 λόχευμα,
1552 3331 1679 3413 similia,

240 3462 330 3527 quae
353 3445 461 3506 omnia
484 3443 526 3507 ab
548 3443 717 3528 Euripide,
741 3447 798 3529 qui
820 3445 935 3510 talium
961 3445 1191 3509 formationum
1207 3441 1434 3529 cupidissimus
1450 3445 1531 3516 erat,
1547 3437 1679 3499 inventa

240 3554 277 3608 et
300 3545 492 3630 frequenter
514 3557 672 3630 usurpata
695 3556 770 3611 sunt
791 3571 942 3634 quaeque
966 3549 1060 3612 nobis
1083 3548 1168 3612 infra
1194 3548 1356 3633 copiosius
1380 3540 1553 3608 tractanda
1575 3548 1677 3602 erunt.

241 3647 475 3713 Demonstravi
491 3657 601 3714 autem
623 3661 799 3737 utrumque
823 3655 988 3717 nominum
1004 3674 1117 3735 genus,
1141 3662 1172 3715 et
1188 3647 1385 3714 neutralium
1402 3653 1434 3708 et
1450 3641 1678 3718 communium,

238 3772 261 3813 a
284 3751 456 3834 tragoedia
476 3751 616 3817 libenter
636 3753 817 3818 adhibitum
842 3777 924 3837 esse,
948 3757 1070 3841 quippe
1094 3776 1178 3839 quae
1195 3753 1341 3816 homines
1356 3770 1420 3813 non
1437 3755 1501 3810 tam
1521 3763 1678 3831 personas

239 3875 300 3917 sno
345 3875 465 3938 genere
511 3855 678 3921 distinctas
716 3868 748 3922 et
792 3861 841 3922 sui
878 3861 957 3924 iuris
994 3858 1165 3941 intellegat
1202 3879 1300 3942 quarn
1336 3851 1499 3917 neutralia
1531 3844 1677 3912 membra

239 3957 464 4020 universitatis
487 3961 580 4042 quasi
603 3963 778 4045 superioris
803 3970 835 4026 et
858 3963 974 4026 maiori
997 3962 1134 4025 arbitrio
1154 3960 1313 4038 subiecta,
1327 3956 1418 4019 velut
1435 3953 1550 4018 eadem
1565 3946 1676 4012 dicere

237 4056 324 4121 solet
358 4053 396 4120 τό
434 4052 515 4136 ἐμόν
547 4081 607 4144 pro
632 4056 698 4144 ἐγώ,
720 4059 758 4126 τὸ
782 4061 896 4126 δοῦλον
918 4086 979 4151 pro
1004 4057 1023 4125 ό
1053 4062 1167 4134 δοῦλος
1194 4062 1363 4144 multaque
1388 4057 1463 4138 alia,
1487 4073 1570 4140 quae
1593 4049 1678 4114 infra

237 4159 383 4228 afferam.
423 4161 640 4228 Acomoedia
663 4176 776 4230 contra
799 4165 913 4232 talium
935 4189 1093 4252 generum
1115 4167 1246 4230 nomina
1269 4173 1325 4229 aut
1347 4181 1481 4248 prorsus
1504 4153 1677 4240 repudiata

237 4284 310 4327 esse
347 4263 489 4330 vidimus
519 4277 575 4330 aut
605 4277 695 4333 certo
723 4292 788 4334 uno
817 4271 1003 4353 significatu
1034 4277 1194 4344 contenta,
1226 4269 1273 4332 ita
1294 4275 1331 4331 ut
1352 4268 1422 4330 iure
1447 4266 1676 4343 exspectemus

238 4365 297 4430 illa
329 4369 471 4450 nomina,
506 4391 643 4454 quorum
675 4393 779 4456 genus
813 4373 889 4438 inde
924 4373 965 4437 ab
999 4374 1089 4438 initio
1123 4373 1220 4437 certis
1250 4369 1369 4434 finibus
1391 4362 1676 4444 circumscriptum

236 4476 297 4550 est,
334 4471 366 4534 in
412 4493 452 4534 ea
494 4474 650 4537 maiorem
694 4473 804 4539 locum
848 4475 1036 4541 obtinuisse.
1103 4474 1158 4539 Ad
1210 4495 1248 4537 ea
1292 4479 1401 4536 autem
1445 4459 1676 4554 perlustranda

236 4593 324 4637 nuno
347 4581 490 4641 transeo.

346 4860 367 4934 ¹)
386 4861 430 4922 cf.
450 4861 638 4920 Wilamowitz
656 4866 693 4920 ad
711 4867 771 4922 HF.
789 4869 849 4924 834.
