3796 5518
886 439 1095 502 „54-

272 622 329 687 uhi
351 621 392 686 de
415 619 586 706 Polyxena
608 619 727 686 dicitur
748 619 888 700 μαστούς
909 618 938 686 τ’
959 619 1062 698 ἔδειξε
1084 628 1199 706 στέρνα
1227 617 1263 688 u’
1285 620 1329 696 ώς
1350 620 1525 707 ἀγάλματος
1552 624 1717 705 ιιάλλισσα,

178 742 180 746 ·
271 723 326 789 Hi.
350 723 423 804 631,
446 722 505 789 Ph.
529 723 600 788 220.
647 722 730 788 Cum
750 724 869 788 deinde
890 747 1008 791 nomen
1032 721 1157 806 ἄγαλμα
1179 729 1246 792 vim
1267 723 1389 798 εἰκόνος
1418 743 1605 818 usurparet,
1641 733 1714 797 fieri

272 827 387 912 potuit,
408 833 445 890 ut
467 825 642 912 Euripides
667 825 739 892 Hel.
757 825 830 906 705,
853 827 936 892 1219
958 827 1074 893 falsam
1096 828 1187 893 illam
1209 831 1383 915 imaginem
1406 831 1554 898 Helenae
1577 833 1717 919 νεφέλης

245 995 248 1002 ⁴
273 923 398 1006 ἄγαλμα
420 925 553 1009 diceret,
572 940 605 991 et
628 921 685 995 Tr.
709 929 771 993 193
793 928 933 994 Hecuba
948 931 1021 1016 ipsa
1046 953 1081 995 se
1103 931 1224 994 νεκύων
1244 923 1411 1015 ἀμεμηνόν
1433 927 1558 1014 ἄγαλμα
1579 949 1715 1001 vocaret

272 1030 346 1096 loco
376 1030 544 1095 Homerici
582 1029 671 1096 illius
708 1028 849 1094 εἴδωλον.
894 1031 1033 1116 Cognito
1072 1044 1182 1101 autem
1218 1033 1403 1118 significatu
1439 1039 1612 1122 principali
1648 1060 1714 1104 non

272 1133 464 1198 mirabimur
495 1135 599 1219 ipsam
622 1135 783 1217 picturam
806 1129 931 1213 ἀγαλμα
960 1135 1080 1200 dictam
1111 1158 1182 1202 esse
1210 1137 1286 1202 Hel.
1316 1139 1379 1204 262
1410 1128 1474 1202 εἴθ’
1497 1134 1716 1223 ἐξαλειφθεῐσ’

271 1230 312 1306 «ts
332 1228 444 1315 ἄγαλμ’
470 1225 565 1304 αὖθις
587 1236 686 1298 πάλιν
711 1234 834 1314 αἴσχιον
857 1228 943 1308 εἶδος
963 1229 1033 1302 ἀντὶ
1053 1237 1112 1302 τοῦ
1132 1238 1229 1302 καλοῦ
1250 1233 1372 1320 ”tepea

377 1336 491 1404 Omnis
514 1349 622 1403 autem
645 1338 729 1403 liber
751 1340 803 1405 hic
825 1363 904 1406 usus
927 1342 1067 1406 nominis
1089 1335 1229 1421 ἄγαλμα,
1253 1364 1363 1428 *quem
1396 1342 1471 1408 inde
1510 1345 1551 1410 ab
1575 1345 1713 1410 Homeri

273 1449 381 1505 aetate
404 1441 597 1522 invenimus,
621 1449 763 1507 exeunte
787 1443 917 1507 saeculo
941 1444 1055 1529 quinto
1078 1443 1268 1522 tragoediae
1292 1448 1447 1533 proprius
1472 1459 1549 1512 erat.
1597 1447 1716 1513 Sermo

273 1543 456 1609 cotidianus
478 1539 601 1622 ἄγαλμα
631 1546 693 1609 nisi
725 1567 785 1630 pro
824 1546 960 1611 deorum
994 1547 1169 1613 simulacro
1205 1547 1388 1633 ignorabat.
1432 1549 1590 1635 Exceptis
1624 1553 1713 1615 enirn

270 1645 420 1712 versibus
435 1646 494 1711 Ve.
510 1648 574 1712 314
593 1641 750 1731 ἀνόνητον
772 1640 822 1728 ἀρ’
838 1633 1030 1712 dertusae
1045 1644 1075 1712 α’
1091 1641 1175 1727 εἶχον
1196 1647 1319 1730 ἄγαλμα
1342 1663 1374 1714 et
1388 1653 1490 1717 Arist.
1512 1653 1551 1718 fr.
1574 1655 1638 1720 594
1661 1654 1714 1715 καλ

269 1748 351 1810 κύων
372 1741 543 1828 ἀκράχολος
564 1741 700 1834 Ἔνιοὶιης
722 1745 844 1830 ἄγαλμα
865 1748 1042 1834 φωσφόρου
1074 1749 1248 1835 γενήσομαι
1258 1755 1291 1835 ¹),
1329 1755 1385 1840 qui
1423 1753 1489 1819 duo
1521 1755 1585 1820 loci
1615 1777 1714 1841 para·

270 1851 451 1932 tragoedici
473 1860 557 1930 eunt,
579 1851 817 1936 Aristophanes
839 1852 905 1918 alio
927 1875 1025 1919 sensu
1046 1848 1172 1933 ἄγαλμα
1194 1877 1257 1920 non
1280 1859 1461 1943 usurpavit,
1485 1858 1526 1924 of.
1550 1857 1614 1922 Nu.
1637 1859 1714 1932 306.

269 1953 342 2036 995,
366 1952 425 2018 Th.
451 1954 522 2033 773,
544 1953 601 2018 Ec.
624 1954 696 2019 780.
740 1954 815 2021 Non
850 1957 946 2020 aliter
976 1978 1029 2022 res
1062 1979 1098 2021 se
1134 1957 1234 2022 habet
1258 1960 1348 2043 apud
1370 1959 1578 2046 Sophoclem,
1613 1982 1710 2046 quem

272 2059 404 2121 nomina
425 2059 457 2120 in
479 2078 525 2135 μα
547 2056 588 2121 de
611 2057 795 2124 hominihus
815 2057 901 2124 bono
925 2081 1022 2124 sensu
1044 2082 1108 2125 non
1128 2081 1303 2147 usurpasse
1326 2084 1357 2146 p.
1381 2063 1423 2127 62
1446 2061 1524 2128 dixi.
1584 2063 1624 2127 In
1645 2063 1713 2129 An.

271 2168 410 2238 tantum,
433 2160 495 2224 704
518 2168 551 2222 et
575 2160 666 2241 1115,
690 2159 831 2226 liberum
853 2184 948 2226 usum
970 2163 1163 2245 invenimur,
1193 2185 1267 2230 eum
1291 2162 1360 2232 OT.
1387 2165 1469 2230 1379
1503 2175 1602 2250 poeta
1631 2187 1713 2228 suae

271 2262 389 2326 aetatis
410 2262 680 2326 consuetudinem
703 2275 833 2328 secutus
856 2265 905 2331 sit.

381 2364 473 2430 Haec
495 2365 537 2429 de
567 2368 696 2430 nomine
732 2359 858 2446 ἄγαλμα
894 2368 1057 2454 copiosius
1095 2369 1245 2447 disserui,
1281 2381 1318 2434 ut
1357 2393 1420 2436 uno
1459 2370 1530 2434 fuse
1567 2379 1714 2434 tractato

271 2469 415 2532 omnium
437 2489 515 2532 usus
537 2471 642 2553 magis
665 2468 820 2535 eluceret.
864 2470 975 2535 Pauca
998 2481 1109 2536 autem
1131 2470 1182 2536 his
1204 2471 1358 2538 addenda
1380 2481 1463 2539 sunt.

376 2569 500 2636 Eodem
546 2570 652 2653 modo,
691 2594 755 2657 quo
803 2565 928 2652 ἄγαλμα
979 2574 1186 2660 participiale
1228 2597 1298 2639 esse
1335 2575 1569 2654 demonstravi,
1612 2577 1713 2639 inter·

270 2674 522 2759 pretenderunt
545 2697 620 2740 oum
637 2675 740 2741 multa
763 2675 829 2741 alia
851 2680 980 2742 nomina
1002 2686 1072 2742 turn
1093 2677 1251 2743 nonnulla
1275 2691 1530 2744 commemoratu
1552 2678 1714 2764 imprimis

272 2777 381 2857 digna,
403 2797 541 2862 quorum
564 2778 614 2841 vie
638 2791 687 2842 est
710 2781 889 2860 causativa,
910 2781 957 2844 ita
979 2790 1016 2844 ut
1038 2779 1221 2864 significent
1243 2781 1287 2863 id,
1318 2779 1407 2867 quod
1429 2781 1516 2862 facit,
1547 2793 1583 2846 ut
1613 2781 1714 2860 aetio,

271 2900 356 2963 quae
395 2881 479 2942 inest
515 2881 548 2942 in
581 2881 697 2956 verbo,
733 2880 934 2966 perficiatur,
969 2882 1064 2946 velut
1101 2878 1235 2967 φόβημα
1264 2891 1313 2947 est
1350 2905 1402 2947 res
1432 2893 1489 2947 aut
1518 2883 1624 2964 homo,
1655 2883 1710 2967 qui

270 2977 373 3062 φόβον
410 2980 547 3046 alicuius
580 2991 699 3048 movet.
760 2982 859 3068 Apud
894 2984 1076 3049 Homerum
1120 2985 1257 3069 legimus
1293 2986 1388 3051 huius
1424 2989 1553 3070 generis
1589 3002 1610 3047 σ
1646 2986 1715 3050 323

270 3083 372 3145 παῖδα
399 3082 435 3149 δὲ
461 3078 508 3163 ὥς4
533 3078 688 3163 ἀτίταλλε,
718 3077 811 3148 δίδον
837 3077 920 3166 δ’ἀρ’
942 3077 1116 3168 ἀθύρματα
1137 3089 1245 3172 θομῷ,
1281 3091 1314 3152 Δ
1336 3087 1378 3154 38
1400 3089 1452 3150 σοὶ
1472 3086 1523 3149 καὶ
1549 3082 1621 3166 ἐμοὶ
1641 3077 1714 3165 μέγ’

272 3181 384 3266 ἔρισμα
414 3178 484 3264 μετ’
508 3176 717 3268 ἀμφοτέροισι
745 3192 880 3270 γένηται,
908 3188 941 3251 Χ
964 3189 1027 3254 358
1047 3192 1179 3273 μήνιμα,
1209 3213 1293 3276 quae
1315 3191 1462 3274 intellegi
1484 3212 1549 3255 non
1572 3197 1710 3275 possunt

273 3290 334 3352 nisi
349 3291 609 3370 instrumentum,
625 3289 714 3374 quod
731 3289 829 3353 alicui
852 3302 902 3355 est
922 3291 1010 3373 ludo,
1034 3314 1134 3357 causa
1157 3295 1409 3372 controversiae,
1431 3295 1509 3357 irae.
1546 3293 1713 3358 Pindarus

273 3391 369 3466 etiarn
394 3393 524 3475 scripsit
544 3390 580 3455 P.
597 3391 628 3468 5,
643 3390 684 3455 23
707 3385 842 3472 ἄθυρμα
864 3394 981 3458 eodem
1004 3417 1110 3459 sensu.
1141 3394 1187 3459 Ut
1203 3405 1312 3460 autem
1328 3394 1416 3482 apud
1427 3386 1621 3481 Sophoclem
1639 3392 1712 3458 00.

271 3494 337 3558 699
365 3486 497 3574 φύιεογά
529 3489 688 3580 ἀγήρατον
719 3489 904 3578 αύτύιιοιον,
932 3501 936 3575 Ι
963 3492 1078 3574 ἐγχέων
1099 3498 1230 3581 φόβημα
1253 3498 1353 3559 δαίων
1374 3497 1408 3560 id
1431 3511 1489 3579 est,
1513 3518 1579 3582 quo
1603 3505 1713 3560 metus

273 3593 410 3678 elicitur,
445 3597 492 3660 sic
526 3610 576 3662 est
609 3593 733 3680 αὔχημα
767 3597 836 3678 ΟΟ,
861 3599 933 3680 709,
969 3600 1048 3666 Eur.
1080 3599 1137 3664 Ph.
1165 3600 1244 3665 1137
1282 3601 1325 3677 id,
1359 3598 1446 3684 quod
1479 3600 1708 3684 gloriationem

270 3705 390 3763 movet.
432 3697 557 3764 Eodem
570 3702 666 3784 plane
679 3701 776 3765 modo
793 3700 986 3786 accipienda
1003 3712 1077 3766 sunt
1086 3701 1224 3786 χλίύημα
1241 3702 1299 3767 ΙΑ.
1317 3703 1358 3766 74
1378 3700 1487 3785 χροσηῖ
1502 3722 1538 3764 τε
1553 3699 1712 3780 λαμπρός,

271 3803 422 3884 βαρβαρῳ
445 3800 623 3888 χλιδήματι,
647 3803 687 3866 of.
711 3803 767 3868 Tr.
791 3804 864 3884 991,
889 3804 1040 3886 τρύφημα
1061 3805 1120 3869 ΙΑ.
1147 3805 1239 3886 1050,
1270 3805 1372 3868 Arist.
1393 3805 1432 3870 fr.
1459 3805 1532 3886 320,
1565 3802 1709 3887 Polyncli

272 3903 312 3966 fr.
351 3906 386 3966 11
422 3904 560 3983 χρυσοῦν
593 3901 673 3981 ἔχων
707 3898 848 3981 χλίδωνα
879 3907 932 3968 καὶ
964 3906 1160 3990 τροφήμαια,
1197 3910 1358 3989 σιέργημα
1398 3906 1497 3993 Soph.
1537 3905 1593 3969 Tr.
1627 3905 1708 3969 1138

275 4010 435 4089 στέργημα
456 4001 514 4086 γὰρ
536 4008 672 4069 δοκούσα
694 4007 889 4088 προσβαλεῖν
911 4011 1019 4088 σέθεν,
1041 4005 1203 4090 ἀγώνισμα
1225 4010 1362 4076 aaran
1383 4009 1493 4089 λαβεῖν
1514 3999 1544 4069 τ’
1558 3999 1714 4086 ἀγώνισμ’

272 4101 363 4180 ἄξιόν
385 4129 416 4170 τι
437 4105 492 4190 ιής
516 4104 604 4172 ὁδοῦ.
648 4109 694 4173 Ut
717 4114 802 4175 enirn
825 4103 1038 4190 ἀγωνίζεσθαι
1060 4125 1110 4177 est
1134 4113 1216 4196 ,sibi
1239 4121 1404 4176 certamen
1427 4107 1569 4192 facere“,
1592 4112 1638 4174 sic
1659 4119 1709 4174 est

273 4199 444 4292 ἀγωνίζειν,
483 4209 568 4296 quod
609 4215 781 4298 quominus
825 4213 1002 4278 formemus
1030 4215 1127 4280 nulla
1163 4239 1199 4280 re
1236 4214 1441 4299 impedimur,
1481 4213 1556 4296 ,alii
1578 4213 1709 4278 cuidam

274 4325 439 4376 certamen
473 4311 615 4395 facere“‚
652 4315 765 4379 eodem
799 4316 895 4381 modo
930 4338 995 4402 quo
1025 4317 1268 4403 distinguebant
1296 4315 1417 4380 Graeci
1454 4317 1538 4380 inter
1569 4311 1714 4397 εἰρήνην,

273 4412 418 4493 πόλεμον
447 4423 556 4476 ποιεῖν
588 4427 621 4481 et
650 4421 833 4500 nutatura,
875 4420 936 4484 Est
958 4422 1057 4504 igitur
1079 4415 1245 4498 ἀγώνισμα
1267 4418 1352 4484 idem
1377 4416 1463 4504 quod
1485 4411 1523 4478 τὸ
1547 4412 1707 4496 oporicen,

273 4510 310 4579 rd
333 4513 438 4594 ἀγῶνα
461 4520 588 4596 ποιοῦν,
615 4523 801 4586 certaminis
818 4544 917 4586 causa
940 4533 972 4587 et
994 4526 1186 4608 praemium,
1210 4544 1307 4608 quem
1329 4520 1467 4586 eundem
1491 4518 1713 4604 significatum

272 4619 432 4684 hahemus
447 4632 522 4686 noto
538 4623 595 4686 illo
613 4622 818 4707 Thucydidis
836 4625 919 4707 loco,
936 4628 992 4710 qui
1012 4634 1061 4689 est
1077 4617 1240 4704 ἀγώνισμα
1254 4619 1285 4693 ἀς
1301 4617 1338 4686 τὸ
1354 4621 1550 4706 παραχρῆμα
1571 4613 1712 4687 ἀκούειν,

379 4823 400 4895 ¹)
419 4823 463 4880 Cf.
481 4823 547 4880 Eur.
567 4825 601 4884 fr.
620 4825 681 4882 968.
