3796 5518
834 369 1050 434 „42-

227 550 410 638 ῥηματικοῖς
443 543 544 636 οὖσιν,
572 541 639 618 οἷον
667 547 756 634 παρὰ
780 551 819 619 τὸ
848 561 986 637 κέκριται
1012 557 1131 635 γίνεται
1152 549 1253 634 ὄνομα
1279 546 1460 638 κριτήςκαὶ
1481 551 1599 638 κριτός,
1622 540 1670 619 οἷν

225 648 264 721 τὰ
301 655 361 736 μέν
394 654 438 729 εἷς
471 653 633 738 ἐνέργειαν
670 649 849 741 ἀναλύεται,
880 652 920 721 τὸ
959 656 995 720 δέ
1026 655 1072 727 εἰς
1101 655 1220 728 πάθος.
1270 649 1378 742 κριτὴς
1408 657 1467 738 μὲν
1495 656 1554 738 γάρ
1576 653 1665 724 ἐστιν

227 757 247 824 ὅ
267 763 392 842 κρίνων,
437 755 458 822 δ’
480 759 627 844 σημαίνει
649 755 818 842 ἐνέργειαν,
840 755 948 844 κριτὸς
970 759 1007 824 δέ
1030 755 1049 823 ὅ
1069 757 1261 845 κρινόμενος,
1286 753 1372 843 ὅπερ
1393 757 1502 831 πάθος
1524 761 1623 846 δηλοῖ.

333 863 432 946 Quod
470 875 580 929 autem
617 874 667 928 est
701 867 929 948 gravissimum
962 875 1012 928 tot
1042 865 1158 930 horum
1194 865 1381 945 verborum,
1416 865 1451 930 id
1480 874 1539 945 est,
1576 866 1668 952 quod

226 969 459 1053 grammaticus
480 989 599 1032 nomeu
620 961 728 1050 κριτής
751 965 834 1031 dixit
857 958 1043 1051 ῥηματικὸν,
1065 969 1168 1033 invito
1185 968 1357 1054 Dionysio,
1372 978 1409 1032 ut
1424 966 1665 1034 demonstrabo.

225 1071 291 1136 Hic
314 1073 410 1152 enim,
430 1071 490 1134 etsi
512 1091 578 1134 non
599 1069 772 1153 ignorabat
794 1069 956 1140 διαθέσεις
970 1071 1044 1136 illas
1060 1073 1148 1136 cerni
1165 1093 1230 1136 non
1245 1092 1342 1156 posse
1357 1072 1419 1135 nisi
1433 1072 1467 1136 in
1481 1069 1667 1136 nominibus

226 1174 425 1256 significatus
455 1174 609 1254 verbalis,
638 1183 749 1236 tamen
780 1195 819 1238 ea
849 1174 991 1254 nomina,
1021 1195 1106 1260 quae
1136 1172 1266 1260 quidem
1299 1197 1318 1236 a
1340 1174 1442 1258 stirpe
1465 1171 1667 1256 derivantur,

224 1298 290 1341 non
313 1276 481 1341 iudicabat
505 1297 574 1339 esse
589 1274 747 1340 verbalia.
766 1275 911 1341 Primum
935 1278 1019 1341 enim
1044 1277 1128 1341 dixit
1151 1278 1216 1341 suis
1240 1274 1351 1340 verbis
1373 1272 1488 1338 τοῦδέ
1510 1266 1669 1355 ὀνόματος

225 1377 390 1447 διαθέσεις
412 1374 474 1441 εἰσὶ
496 1373 563 1460 δύο,
585 1399 651 1442 non
674 1371 830 1456 ὀνόματος
851 1371 1037 1462 ῥηματικοῦ,
1061 1378 1178 1444 deinde
1201 1389 1311 1444 autem
1333 1379 1406 1464 ipsa
1422 1379 1491 1442 eius
1506 1379 1667 1443 enuntiati

220 1479 443 1546 collocatione
466 1483 544 1545 satis
566 1480 727 1566 probatur
750 1482 912 1546 sententia
934 1504 1017 1548 mea.
1063 1482 1243 1568 Postquam
1267 1483 1350 1546 enim
1373 1481 1450 1546 inde
1474 1503 1493 1544 a
1514 1503 1546 1566 p.
1571 1480 1664 1546 6341>

224 1591 367 1648 tractata
404 1592 477 1648 sunt
513 1582 571 1647 illa
605 1586 706 1644 πέντε
742 1576 763 1644 d
800 1588 982 1664 παρέπεται
1017 1581 1064 1667 τῷ
1095 1577 1231 1664 ὀνόματι
1270 1585 1348 1664 (nou
1378 1577 1562 1667 ῥηματικῴ),
1592 1586 1665 1666 γένη

225 1683 360 1766 scilicet,
397 1681 477 1768 εἴδη,
510 1680 660 1767 σχημαια,
698 1675 844 1767 ἀριθμοί,
886 1682 1035 1767 πτώσεις,
1078 1688 1188 1772 pergit
1222 1687 1453 1770 grammaticus
1486 1709 1518 1771 p.
1553 1685 1664 1750 seth:
1752 1761 1753 1764 Ἴ

224 1781 443 1850 ὑποπέπτωκε
490 1785 525 1850 δέ
564 1792 608 1871 τῷ
647 1782 783 1866 ὀνόματι
828 1785 933 1871 τοῦτο,
977 1783 999 1850 ἃ
1034 1789 1084 1852 καὶ
1136 1780 1217 1853 αὐτὰ
1260 1785 1332 1872 εἴδη
1376 1787 1667 1870 προσαγορεύεται·

222 1885 342 1972 κύριον,
381 1885 628 1972 προσηγορικον,
669 1887 832 1972 ἐπίθετον,
874 1890 949 1956 alia.
1003 1891 1065 1956 His
1096 1891 1226 1958 demum
1270 1893 1481 1976 pertractatis
1524 1892 1558 1954 in
1592 1892 1665 1976 ipso

224 1986 289 2052 fine
337 1990 452 2074 capitis
503 1991 650 2074 sequitur
695 1988 778 2053 illud
826 1991 1040 2068 enuntiatum,
1084 1990 1125 2056 de
1163 2013 1228 2077 quo
1266 1992 1478 2079 disputamus,
1539 1993 1664 2058 Facere

223 2091 324 2174 igitur
346 2113 441 2156 nemo
472 2099 592 2177 potest,
615 2093 694 2177 quin
722 2091 756 2157 id
788 2091 829 2156 ad
852 2102 956 2158 totum
986 2083 1143 2172 ὀνόματος
1164 2117 1267 2176 genus
1289 2096 1455 2182 pertinere
1479 2093 1577 2178 dicat,
1599 2119 1664 2161 non

224 2191 265 2257 ad
300 2194 442 2279 speciem
480 2186 665 2276 ῥηματικοῦ,
689 2193 792 2280 ·quod
831 2197 939 2280 ipsum
978 2195 1059 2260 nihil
1097 2206 1146 2260 est
1184 2198 1245 2262 nisi
1281 2189 1365 2268 εἶδος
1398 2199 1530 2263 maioris
1563 2196 1664 2268 εἴδους

221 2315 425 2374 παραγωγοο.

330 2400 448 2486 Itaque
493 2401 573 2486 quid
610 2399 789 2485 Dionysius
821 2403 1029 2487 praeceperit
1073 2412 1225 2488 apertum
1269 2412 1328 2466 est.
1395 2393 1554 2484 Verbum,
1598 2425 1665 2468 non

223 2503 369 2567 radicem
398 2525 602 2567 communem
632 2505 772 2568 nominis
801 2503 946 2568 verbalis
977 2503 1224 2570 fundamentum
1249 2526 1318 2568 esse
1339 2506 1410 2570 eius
1433 2507 1593 2570 sententia
1616 2515 1664 2570 est

223 2613 323 2670 certa.
368 2604 645 2689 Distinguendum
675 2607 761 2671 enim
792 2615 839 2670 est
860 2610 946 2671 inter
967 2595 1197 2672 formationem
1218 2607 1387 2672 verbalem
1421 2610 1442 2672 i,
1466 2631 1494 2674 ε.
1517 2631 1537 2672 ε
1558 2609 1665 2673 verbo

222 2707 407 2772 derivatam
438 2716 470 2772 et
499 2708 717 2792 significatum
749 2707 927 2792 verbalem,
957 2711 1013 2795 qui
1044 2711 1077 2774 in
1106 2712 1236 2774 nomine
1266 2711 1363 2775 etiam
1387 2733 1407 2774 a
1423 2709 1538 2796 radice
1562 2711 1666 2776 ducto

224 2810 319 2874 inest.
365 2809 506 2874 Accedit
535 2809 633 2895 quod,
657 2813 684 2874 si
707 2835 733 2877 e.
757 2834 788 2894 g.
811 2806 894 2894 τιμή,
914 2810 1015 2895 λόγος,
1037 2811 1131 2894 βάσις
1152 2812 1301 2878 verbalia
1323 2822 1482 2898 putasset,
1502 2835 1662 2896 gramma-

223 2914 308 2976 ticus
333 2913 401 2976 eius
423 2915 553 2996 generis
575 2915 706 2977 nomina
728 2924 816 2978 certe
839 2914 1001 2980 attulisset
1023 2937 1129 3001 neque
1153 2916 1196 2980 ad
1219 2923 1286 2979 lam
1307 2916 1423 2997 aliena,
1453 2927 1489 2979 ut
1511 2914 1663 2999 Νοήμων,

224 3011 387 3099 Φιλήμων,
412 3017 618 3102 confugisset.
666 3015 875 3096 Quaesiverit
905 3027 1015 3082 autem
1045 3020 1131 3104 quie,-
1162 3019 1291 3082 cuinam
1322 3020 1445 3104 speciei
1474 3019 1663 3104 ascripserit

220 3117 401 3204 Dionysius
423 3120 509 3185 illius
532 3120 662 3203 generis
685 3121 826 3203 uomina,
849 3142 944 3206 quae,
968 3123 1118 3207 quamvis
1141 3142 1218 3184 usus
1233 3123 1274 3185 sit
1290 3121 1464 3201 brevitate,
1486 3121 1662 3205 neglegere

221 3233 311 3302 certe
345 3244 409 3287 non
440 3224 591 3309 potuerit.
650 3221 700 3286 Ea
730 3233 839 3288 autem
870 3245 913 3287 ex
944 3219 1187 3288 definitionibus
1218 3245 1300 3309 quas
1327 3222 1418 3287 dedit
1451 3245 1549 3288 unam
1571 3223 1663 3287 illam

220 3322 442 3404 neoterium
468 3334 657 3410 sequuntur,
684 3326 737 3390 oui
761 3325 866 3390 eidem
888 3327 1030 3406 nomina,
1055 3347 1139 3411 quae
1163 3327 1289 3412 etipsa
1313 3334 1566 3392 commemorata
1596 3347 1662 3390 non

220 3435 304 3507 sunt,
328 3426 419 3490 velut
442 3422 533 3508 πούς,
554 3423 657 3510 κλωιμ,
680 3428 765 3506 ναῦς,
787 3428 839 3506 al,
862 3429 1073 3494 attribuenda
1095 3437 1179 3494 sunt.

329 3528 422 3594 Haeo
444 3531 545 3612 igitur
568 3541 617 3595 est
640 3531 787 3596 definitio
811 3531 955 3615 Dionysi
976 3529 1124 3596 Thracis.
1158 3530 1229 3594 Iam
1251 3538 1288 3594 ut
1303 3550 1549 3612 cognoscamus,
1575 3528 1661 3595 unde

221 3630 417 3698 scholiastae
455 3631 635 3699 doctrinam
675 3657 767 3698 suam
804 3635 845 3698 ab
880 3651 1013 3698 auctore
1048 3632 1288 3720 discrepantem
1317 3633 1524 3719 sumpserint,
1560 3654 1661 3698 uuum

220 3743 348 3799 tantum
370 3757 387 3800 e
412 3737 528 3800 ceteris
545 3757 657 3801 eorum
674 3737 850 3802 enuntiatis
867 3735 1044 3820 legendum
1057 3746 1116 3802 est.
1147 3736 1313 3801 Scholium
1329 3746 1438 3800 autem
1455 3733 1660 3815 Vaticanum,

220 3859 295 3902 cum
324 3859 388 3923 quo
419 3839 625 3904 consentiunt
659 3847 779 3921 cetera,
808 3863 840 3927 p.
871 3839 934 3904 228
951 3838 1012 3904 hoo
1036 3848 1101 3904 est:
1130 3839 1200 3902 πᾶν
1222 3836 1258 3900 δὲ
1279 3831 1458 3921 ῥηματικὸν
1480 3831 1584 3916 ὄνομα
1604 3829 1659 3898 διὰ

217 3941 276 4004 τοῦ
298 3963 323 4020 μ
348 3937 520 4020 λεγόμενον
543 3938 712 4004 οἰκειοῦται
733 3943 779 4026 τῷ
801 3940 920 4026 πρώτῳ
944 3936 1110 4025 προσώπῳ
1134 3941 1305 4026 παθητικῷ
1321 3937 1400 4004 κατὰ
1424 3937 1462 4003 τὸ
1479 3936 1663 4020 σύμφωνονι

218 4035 272 4105 διὰ
299 4043 336 4106 δὲ
360 4044 419 4106 τοῦ
448 4068 466 4107 τ
498 4042 543 4128 τῷ
575 4047 680 4128 τρίτη,
711 4029 782 4108 οἷον
805 4049 995 4125 πέπραγμαι
1028 4045 1162 4124 πρᾶγμα
1192 4040 1442 4126 πολυπράγμων,
1480 4044 1662 4124 πεποίημαι

220 4147 361 4229 ποίημα,
408 4149 583 4230 πεποίηται
619 4143 763 4231 ποιητής,
798 4151 981 4230 πέπρακται
1009 4143 1159 4229 πρακτὸς.
1223 4147 1319 4212 Hanc
1361 4145 1510 4229 regulam
1538 4153 1661 4210 rectam

219 4271 286 4316 non
325 4273 408 4328 esse,
445 4271 553 4337 neque
587 4253 740 4316 universa
769 4253 900 4317 nomina
931 4273 950 4315 a
980 4261 1072 4316 certa
1101 4250 1243 4336 quadam
1274 4250 1430 4336 temporis
1459 4248 1566 4314 forma
1589 4269 1660 4312 esse

219 4350 401 4418 derivanda
432 4354 504 4418 iure
539 4352 705 4420 contendit
743 4354 961 4419 Buttmannus
974 4352 1009 4435 ¹),
1043 4375 1116 4418 oum
1149 4353 1274 4418 formae
1312 4355 1462 4439 quamvis
1498 4371 1659 4416 consonae

219 4455 439 4539 significatum
489 4477 555 4522 non
606 4466 698 4522 raro'
732 4456 890 4521 baberent
933 4457 1099 4522 diversum
1144 4455 1300 4537 (πρᾶγμα,
1344 4450 1524 4537 πράγμων),
1570 4453 1665 4538 quod

219 4558 302 4643 ipsis
348 4559 394 4622 eis
441 4557 602 4644 exemplis
645 4579 730 4645 quae
775 4582 875 4646 supra
920 4559 1014 4624 attuli
1060 4561 1138 4624 satis
1181 4560 1352 4644 probatur.
1407 4559 1481 4624 Non
1526 4556 1660 4620 nimium

324 4795 345 4867 1)
365 4795 527 4852 Ausfuehrl.
547 4795 597 4851 Gr.
615 4794 803 4866 Sprachlehre
821 4793 871 4847 ΙΙ2
889 4795 956 4863 395;
976 4797 1011 4851 cf.
1032 4793 1116 4847 etiarn
1135 4793 1252 4849 Lobeek
1271 4793 1457 4846 Rhematieon
1476 4811 1503 4863 p.
1522 4793 1583 4848 263.
