3796 5518
869 422 1077 488 -φρ,

248 613 510 694 masculinlorm,
533 611 581 675 als
605 611 658 675 die
681 610 914 695 allgemeinere
936 609 1162 692 bezeichnung
1185 610 1244 674 der
1273 609 1548 694 persoenlichkeit
1577 609 1694 684 usbar,-

249 712 381 802 11111111.α
409 715 501 779 Haec
517 724 626 778 autem
639 713 817 797 explicatio
834 712 986 776 sufficere
1009 735 1073 776 non
1089 721 1205 796 potest,
1222 714 1343 797 quippe
1360 733 1426 798 qua
1441 735 1505 777 non
1522 723 1693 799 appareat,

246 841 309 883 our
331 817 464 884 tandem
487 815 653 882 abstracta
675 815 733 880 illa
755 817 843 880 notio
865 815 1001 900 pluralis
1039 823 1155 879 exstet.
1201 814 1423 880 Conseruntur
1456 839 1484 880 e.
1507 837 1536 900 g.
1576 836 1694 880 versus

249 920 328 986 Eur.
352 922 415 986 An.
441 919 564 995 355l60
583 911 676 1000 ἡμεῖς
698 910 756 998 γὰρ
780 915 810 980 εἰ
831 913 891 1000 σὴν
905 909 1004 979 παῖδα
1020 913 1267 998 φαρμακεύομεν
1281 915 1335 979 καῖ
1348 914 1448 1001 νηδὺν
1466 913 1692 1001 ἐξαμβλοῦμεν,

246 1019 293 1093 ὥς
314 1014 392 1107 αὐτὴ
413 1021 507 1102 λέγει,
540 1017 668 1089 ἑκόντες
700 1014 755 1081 οὐκ
789 1015 917 1089 ἄκοντες
940 1010 1016 1081 ον’δὲ
1043 1016 1158 1099 βώμιοι
1189 1021 1356 1088 πίτνοντες
1391 1013 1481 1082 αὐτοὶ
1513 1014 1572 1102 τὴν
1601 1019 1693 1104 δίκην

245 1117 410 1207 ὑφέξομεν
434 1121 469 1186 ἐν
493 1129 576 1185 σοῖσι
598 1127 757 1205 γαμβροῖς,
783 1110 868 1185 οἷσιν
899 1115 956 1184 οίκ
988 1117 1144 1184 ἐλάσσονα
1173 1117 1297 1204 βλάβην
1332 1118 1451 1204 ὀφείλω
1485 1112 1692 1203 προστιθεῖσ

251 1217 415 1307 οἷβοολίαν,
438 1225 495 1290 ubi
519 1226 575 1288 illa
596 1229 723 1290 numeri
745 1227 883 1290 variatio
908 1225 978 1289 fieri
1011 1247 1074 1288 non
1106 1237 1227 1310 posset,
1255 1228 1281 1288 si
1308 1226 1446 1310 pluralis
1479 1225 1693 1311 explicandus

249 1341 336 1392 esset
357 1331 412 1409 ita,
434 1343 469 1392 ut
493 1328 688 1393 Kuehnerus
711 1331 891 1414 proposuit.
936 1327 1099 1413 Equidem
1119 1329 1306 1415 putaverim
1335 1327 1422 1392 huno
1444 1327 1607 1413 pluralem
1629 1349 1689 1413 pro

252 1430 410 1514 singulari
432 1431 583 1516 positum,
609 1431 664 1516 qui
687 1432 730 1494 ad
754 1431 893 1516 quodvis
916 1453 1034 1494 nornen
1068 1431 1258 1495 femininum
1292 1433 1435 1516 pertinet
1474 1432 1594 1516 quique
1627 1440 1691 1493 tra·

250 1533 387 1618 goediae
410 1536 563 1621 proprius
587 1543 645 1616 est,
669 1557 740 1598 sese
765 1533 931 1619 applicare
955 1532 998 1597 ad
1026 1533 1131 1615 illum,
1155 1536 1210 1620 qui
1243 1533 1403 1620 exemplis
1438 1554 1538 1618 supra
1572 1532 1690 1622 allatis,

249 1657 334 1722 quae
357 1645 512 1721 parentes
535 1637 729 1720 significant,
752 1635 938 1722 praebetur.
984 1635 1068 1701 Eum
1100 1645 1209 1700 autem
1243 1635 1421 1700 maiestatis
1459 1657 1556 1720 quem
1579 1633 1692 1699 dieunt

249 1739 413 1824 pluralem
436 1741 588 1823 accipere
611 1762 675 1802 non
700 1738 813 1803 dubito
838 1761 875 1803 eo
898 1739 1057 1824 imprimis
1081 1737 1208 1820 ductus,
1233 1738 1320 1824 quod
1350 1737 1450 1801 talem
1474 1735 1634 1821 pluralem
1658 1739 1690 1799 in

250 1843 296 1905 eis
319 1852 446 1904 tantum
468 1841 652 1904 nominibus
675 1852 867 1925 usurpatum
889 1842 1010 1922 inveni,
1036 1839 1153 1926 quibus
1175 1850 1270 1925 pater
1293 1841 1347 1905 vel
1367 1849 1472 1903 mater
1487 1838 1541 1901 vel
1559 1841 1689 1902 omniuo

250 1967 392 2031 persona
415 1943 536 2009 ordinis
570 1946 757 2030 superioris,
796 1967 955 2030 nusquam
990 1957 1099 2008 autem
1135 1945 1292 2024 eiusdem,
1324 1941 1416 2006 velut
1449 1941 1561 2021 frater,
1599 1963 1690 2005 soror

248 2047 463 2132 significatur,
486 2049 548 2111 nisi
571 2050 655 2112 forte
679 2050 750 2133 quis
784 2069 884 2112 versu
918 2047 1016 2134 Soph.
1046 2047 1109 2110 An.
1133 2047 1194 2111 511
1231 2037 1323 2109 οὐδὲν
1354 2038 1411 2125 γὰρ
1449 2040 1584 2123 αἰσχρὸν
1617 2038 1689 2111 τούς

270 2145 517 2228 μοσιτλάγχνονς
538 2154 644 2231 σέβειν
668 2154 804 2215 tratrem
829 2140 1457 2235 Ρο1φ111111111οοίρίῐὁμοσπλάγχνους,
1493 2147 1548 2231 qui
1579 2154 1687 2209 tamen

251 2273 366 2316 versus
388 2253 504 2317 melius
527 2253 568 2318 ad
593 2255 787 2319 sententiam
811 2275 1015 2318 communem
1037 2253 1188 2318 refertur.
1233 2252 1329 2316 Alter
1352 2263 1462 2314 autem
1485 2270 1609 2326 versus,
1633 2249 1689 2332 qui

249 2354 380 2420 obstare
403 2355 544 2440 videtur,
568 2369 616 2422 est
639 2378 670 2420 v,
693 2357 750 2420 IT.
776 2358 867 2435 1402,
889 2355 946 2420 ubi
968 2356 1088 2438 legitur
1111 2354 1215 2434 φιλεῖν
1243 2353 1279 2416 δὲ
1306 2343 1387 2431 κάμὲ
1413 2347 1484 2419 τούς
1515 2343 1690 2430 ὁμαίμονας

246 2455 343 2541 δόκει,
365 2458 421 2523 ubi
444 2469 564 2541 tamen,
588 2482 786 2546 quamquam
808 2459 977 2544 praecedit
999 2481 1116 2522 versus
1140 2456 1245 2539 φιλεῖς
1267 2454 1304 2520 δὲ
1332 2455 1383 2516 καῖ
1407 2447 1444 2515 σύ
1467 2445 1524 2515 σόν
1544 2453 1690 2533 κασίγνη-

251 2582 316 2644 τον,
339 2559 413 2636 θεά,
436 2561 656 2628 Gesehwister
679 2565 783 2646 magis
807 2585 904 2648 quam
927 2563 1060 2626 fratrem
1084 2561 1240 2644 intellego
1257 2559 1386 2623 collatis
1402 2556 1549 2620 versibus
1569 2552 1688 2634 105819

249 2664 302 2726 καὶ
324 2663 522 2749 στερηθῆναι
543 2661 666 2746 πάτρας
687 2665 785 2747 φίλον
808 2659 980 2744 τ’ἆδελφοῦ
1001 2661 1154 2748 φιλτάτης
1175 2683 1210 2725 τε
1232 2658 1405 2741 συγγόνου.

357 2769 508 2834 Eundem
533 2771 617 2833 enim
639 2769 813 2854 pluralem,
837 2791 933 2854 quern
956 2766 1052 2831 modo
1073 2768 1254 2830 maiestatis
1287 2764 1365 2846 dixi,
1399 2761 1538 2845 legimus
1574 2779 1687 2823 eorum

250 2891 381 2956 quoque
404 2871 650 2952 vocabulorum,
675 2870 792 2956 quibus
818 2872 907 2935 notio
931 2870 1051 2934 domini
1082 2870 1286 2954 exprimitur.
1343 2865 1426 2930 Sunt
1459 2871 1569 2926 autem
1606 2861 1687 2924 haeo

249 2974 414 3058 exempla,
438 2975 606 3058 singulae
630 2973 765 3058 singulis
788 2986 919 3058 sumpta
941 2971 1112 3036 brevitatis
1136 2993 1243 3036 causa.

557 3073 691 3148 ἄνακτες
714 3077 770 3142 Su.
794 3078 856 3143 523
965 3073 1032 3139 00.
1055 3075 1119 3140 295
1220 3074 1291 3138 HF.
1315 3070 1379 3135 810

558 3184 700 3261 κοίρανοι
720 3181 783 3264 Ag.
806 3181 870 3246 554
1226 3176 1291 3240 Me.
1315 3175 1378 3240 875

558 3278 719 3348 δεσπόται
742 3283 800 3350 oh.
823 3283 866 3348 52
1230 3277 1291 3362 Cy.
1317 3277 1378 3342 163

560 3382 709 3468 τύραννοι
731 3387 789 3452 Oh.
813 3387 876 3452 358
944 3384 1013 3451 OT.
1039 3383 1121 3449 1095
1216 3381 1291 3445 Hel.
1314 3380 1373 3445 511

557 3485 661 3569 κύριοι
681 3489 738 3554 Oh.
761 3491 825 3554 654
1195 3484 1270 3549 Hel.
1296 3483 1377 3548 1633

558 3588 587 3652 οῖ
607 3592 796 3670 κρατοῦντες
818 3591 875 3658 Oh.
901 3593 962 3656 712

558 3691 587 3754 οἱ
611 3687 759 3771 ἄρχοντες
1221 3690 1269 3754 Io.
1295 3688 1378 3753 1070

557 3793 587 3856 οῖ
606 3789 814 3876 κρατύναντες
979 3796 1041 3860 An.
1066 3793 1129 3858 664

557 3896 589 3959 οἱ
610 3893 645 3959 ἕν
667 3897 750 3959 τέλει
822 3965 827 3972 ,
1001 3898 1063 3962 An.
1088 3897 1127 3961 67

557 3997 590 4062 οῖ
608 4002 699 4078 ταγοί
957 4001 1020 4064 An.
1048 3999 1127 4065 1057

557 4097 683 4182 πρόμοι
972 4100 1040 4168 OC.
1065 4103 1127 4166 884

556 4204 698 4284 βασιλεῖς
959 4206 1022 4282 An.
1048 4205 1130 4270 1172
1234 4202 1290 4268 ΙΤ.
1317 4201 1377 4264 109

557 4305 587 4369 οῖ
609 4305 781 4387 βόσκοντες
1243 4305 1290 4368 Ιο.
1318 4303 1379 4367 183

557 4404 778 4493 ἀρχιτέκτονες
1231 4405 1293 4490 Cy.
1316 4402 1376 4472 477

356 4516 464 4580 Huius
485 4538 614 4601 quoque
637 4517 766 4598 generis
789 4516 954 4579 nominum
977 4536 1037 4599 pro
1067 4511 1225 4594 singulari
1253 4508 1406 4572 feminino
1435 4503 1571 4591 pluralis
1602 4523 1684 4564 mas-

242 4620 377 4684 eulinus
399 4640 640 4703 nonnumquam
664 4627 850 4702 usurpatur.
896 4615 993 4697 Quod
1023 4625 1132 4680 autem
1162 4611 1314 4698 exempla
1347 4607 1435 4693 apud
1469 4626 1569 4669 unum
1592 4603 1686 4667 Euri-

242 4720 359 4807 pidem
382 4721 545 4806 leguntur,
577 4722 610 4784 in
643 4743 681 4784 eo
711 4721 852 4784 maxime
878 4721 1019 4806 positum
1050 4729 1107 4798 est,
1146 4714 1234 4801 quod
1262 4717 1289 4778 is
1323 4712 1467 4777 omnium
1498 4707 1686 4792 saepissime

246 4823 348 4886 talem
371 4823 533 4908 pluralem
557 4823 711 4888 adhibere
735 4823 870 4888 solebat¹
