3796 5518
816 469 1028 534 „57-

312 654 475 720 Tractatio
497 655 548 719 his
570 655 726 740 Aeschyli
745 656 841 734 locis,
864 657 929 722 iam
953 656 1120 744 Euripidis
1143 657 1184 723 dc
1207 656 1337 723 duobus
1362 661 1513 726 versibus
1534 683 1643 750 pauca

201 759 305 824 verba
337 757 489 823 facienda
518 768 601 839 sunt,
632 779 771 844 quorum
799 768 909 824 tamen
939 760 1048 845 priore
1077 759 1223 826 nonnulli
1251 762 1314 826 iam
1346 764 1450 828 critici
1471 761 1642 828 admeam

198 861 397 927 seutentiam
434 859 683 926 inclinaverunt.
739 859 793 927 Su.
825 861 885 927 631
925 885 998 949 sqq.
1028 862 1145 928 chorus
1174 871 1314 930 matrum
1343 863 1498 952 implorat
1527 865 1641 931 Iovem

207 965 255 1028 his
277 962 406 1029 verbis:
1270 959 1272 964 ’

561 1057 600 1126 sd
624 1060 682 1128 σδν
703 1059 838 1147 ἄγαλμα,
859 1056 898 1127 τὰ
919 1059 981 1128 σδν
1002 1062 1120 1146 ἵδρυμα
1241 1107 1246 1116 «
1294 1085 1297 1094 ·

564 1163 691 1237 πόλεως
713 1162 857 1244 casanata
874 1188 930 1247 μοι
939 1169 963 1247 ¹)

561 1264 648 1352 πρὸς
669 1263 776 1350 πυρὰν
797 1264 964 1353 ὑβρισθέν.

198 1376 330 1441 Nomen
364 1369 490 1454 ἄγαλμα
520 1396 590 1439 esse
618 1374 825 1461 participiale
854 1367 933 1440 satis
966 1375 1188 1442 demonstravi
1219 1376 1400 1461 codemque
1430 1377 1529 1441 modo
1551 1376 1642 1442 intel·

201 1479 376 1562 legendum
416 1499 488 1544 esse
521 1477 596 1542 dico
635 1473 762 1558 ίδρομα,
797 1477 887 1562 quod
925 1480 1093 1564 passivum
1128 1477 1330 1562 intellegitur
1364 1500 1428 1543 non
1467 1487 1568 1563 recte,
1605 1487 1642 1542 ut

200 1582 379 1646 Passovius
414 1583 448 1644 iu
481 1579 587 1644 lexico
620 1582 700 1646 iecit
732 1584 898 1669 vertitque
921 1580 1036 1646 Fixius
1066 1592 1179 1665 „tuum
1209 1583 1320 1664 decus,
1351 1592 1425 1648 ate
1448 1585 1642 1648 constitutos

200 1681 358 1762 incolas“,
389 1681 542 1768 quodque
570 1704 673 1767 genus
701 1683 794 1747 verbi
823 1685 985 1748 invenitur
1015 1683 1162 1750 Platonis
1186 1683 1242 1749 illo
1273 1685 1345 1750 loco
1381 1684 1445 1767 leg.
1470 1687 1518 1766 ll,
1540 1685 1601 1750 931
1612 1709 1641 1766 a,

200 1806 300 1871 quem
322 1806 354 1869 p.
378 1785 421 1850 60
446 1785 614 1870 exscripsi,
652 1807 725 1851 cum
759 1785 799 1849 de
832 1787 963 1851 nomine
1001 1783 1163 1866 ἱδρύματα
1198 1807 1339 1871 agerem.
1400 1787 1494 1852 Haec
1532 1796 1642 1852 autem

198 1886 394 1973 Supplioum
411 1887 512 1950 verba
528 1887 574 1951 sic
590 1888 806 1973 interpretor:
821 1885 896 1956 τοὺς
914 1878 973 1972 τὴν
990 1883 1050 1971 σὴν
1063 1888 1160 1952 πόλιν
1180 1881 1375 1966 circii-torrae
1395 1889 1447 1950 καί
1468 1885 1641 1970 ίδριίοντας,

198 1993 257 2075 qui
289 1997 380 2054 tuam
409 1990 524 2054 urbem
556 1998 674 2054 ornant
694 2000 726 2055 et
748 1991 813 2075 qui,
843 1998 880 2055 ut
904 1990 1019 2056 eodem
1042 1990 1145 2057 verbo
1168 2000 1252 2072 utar,
1281 1989 1455 2074 [stabilem]
1480 1990 1589 2056 sedem
1613 1995 1642 2056 ei
1693 2065 1695 2068 ¹

200 2091 370 2178 praebent,
395 2093 415 2156 i.
433 2113 460 2156 e.
485 2093 540 2178 qui
564 2113 637 2158 eam
659 2094 829 2158 sustinent.
862 2093 914 2157 De
939 2095 972 2156 vi
996 2104 1103 2159 autem
1126 2092 1303 2158 collectiva
1324 2096 1452 2158 numeri
1468 2093 1642 2177 singularis

200 2194 351 2260 conferas
384 2214 517 2259 versum
550 2194 596 2260 Io.
628 2195 690 2260 748
718 2201 873 2274 γυναῖκες,
910 2191 1008 2258 ἱστῶν
1038 2193 1101 2257 τῶν
1130 2191 1215 2273 ἕμοῖν
1242 2193 1293 2256 καί
1320 2194 1464 2275 κερκίδος
1483 2193 1642 2276 δοῦλενμα

198 2292 321 2360 πιστόν
345 2297 501 2382 aliosque.

308 2416 424 2483 Altero
456 2418 528 2482 loco
559 2416 698 2507 dicepda
723 2417 829 2482 habeo
851 2418 1010 2483 nonnulla
1033 2417 1074 2484 de
1096 2419 1207 2482 verbis
1229 2416 1304 2498 illis,
1328 2416 1446 2502 quibus
1467 2416 1639 2482 Menelaus
1683 2406 1688 2416 ’

199 2521 275 2586 Hel.
306 2520 388 2586 1593
411 2522 545 2585 comites
567 2543 643 2585 snos
665 2520 811 2608 appellat

614 2625 638 2700 oi
660 2638 714 2723 γῆς
735 2635 878 2710 Ἑλλάδος
900 2640 1090 2720 λωτίσματα.

199 2759 325 2823 Omnes
355 2758 416 2824 hoc
446 2782 574 2840 nomen,
608 2760 696 2845 quod
721 2782 786 2823 uno
807 2759 869 2825 hoc
893 2759 967 2824 loco
991 2759 1147 2825 traditum
1170 2760 1301 2844 legitur,
1322 2760 1491 2844 passivum
1514 2758 1640 2823 intelle-

197 2870 328 2944 xerunt,
361 2884 435 2926 curn
469 2863 649 2927 niterentur
678 2862 788 2942 glossa
817 2862 974 2949 Hesychi,
1006 2864 1061 2949 qui
1095 2858 1237 2942 λώτισμα
1260 2861 1440 2948 explicavit
1462 2857 1494 2922 οί
1515 2860 1641 2941 πρῶτον

196 2963 251 3026 καί
274 2958 444 3030 ἐπίλεκτοι.
490 2963 640 3050 Excepto
663 2972 772 3030 autem
794 2988 859 3032 uno
885 2965 1085 3046 Hermanno,
1108 2966 1162 3052 qui
1185 2964 1270 3031 adl.
1294 2965 1478 3029 annotavit:
1510 2964 1638 3046 ,nescio

199 3089 241 3130 an
263 3065 447 3146 λωτίσματα
463 3089 505 3129 ex
520 3066 582 3130 hoc
597 3070 667 3154 ipso
689 3089 788 3132 versu
811 3061 989 3154 posueril“,
1012 3089 1122 3133 omnes
1147 3067 1268 3152 fugisse
1286 3065 1418 3131 videtur
1436 3064 1637 3151 Hesychium

198 3191 263 3233 uon
294 3167 466 3254 pluralem,
498 3167 556 3232 sed
585 3169 783 3254 singularem
807 3169 1003 3257 explicasse,
1032 3172 1088 3257 qui
1110 3192 1265 3234 numerus
1287 3168 1389 3234 multo
1413 3178 1502 3234 certe
1523 3168 1638 3233 melior

198 3283 286 3338 esset
319 3272 391 3337 loeo
432 3295 529 3358 quem
566 3282 754 3354 tractamus,
789 3276 814 3336 si
848 3295 962 3338 sensus
993 3283 1079 3338 esset
1113 3275 1274 3359 passivus,
1310 3272 1351 3338 cf.
1383 3295 1411 3338 e.
1435 3294 1466 3354 g,
1495 3269 1551 3340 Pe.
1574 3272 1636 3336 927

195 3374 310 3437 πολλοὶ
336 3373 450 3455 peirac,
465 3371 570 3458 χώρας
592 3369 708 3458 daton
727 3375 805 3443 Eur.
830 3375 886 3440 Tr.
912 3376 974 3442 809
997 3363 1053 3436 ta‘
1072 3368 1228 3444 Ἑλλάδος
1248 3369 1345 3453 ἄγαγε
1366 3373 1498 3454 πρῶτον
1520 3372 1637 3456 ἄνθοςς

196 3477 236 3541 fr.
260 3478 323 3541 316
353 3477 482 3539 παίδων
511 3478 649 3556 νεογνῶν
677 3472 712 3540 ἐν
741 3474 854 3555 δόμοις
884 3474 965 3540 ίδεΐν
986 3471 1097 3549 θάλος.
1141 3477 1188 3542 Ut
1211 3487 1320 3542 autem
1343 3477 1572 3562 perveniamus
1594 3476 1637 3540 ad

193 3580 451 3664 intellegendam
483 3581 621 3645 nominis
657 3583 733 3664 vim,
772 3602 1009 3664 cognoscamus
1041 3601 1174 3645 necesse
1207 3589 1265 3662 est,
1303 3577 1382 3665 quid
1413 3578 1455 3642 sit
1483 3576 1635 3656 λωτίζεον,

196 3683 284 3769 quod
319 3682 421 3747 semel
454 3695 578 3749 tantum
618 3682 746 3767 legitur,
778 3685 897 3748 Aesch.
934 3683 988 3748 Su.
1019 3685 1092 3765 974,
1124 3683 1180 3747 ubi
1215 3683 1302 3764 regis
1338 3680 1444 3744 verba
1471 3678 1637 3762 leguntur,

194 3808 281 3872 quae
326 3795 401 3850 suut
437 3779 558 3847 τούτων
595 3781 633 3848 τὰ
669 3784 776 3870 λῷστα
807 3785 859 3849 καί
895 3783 935 3849 τοί
974 3785 1214 3869 θυμηδέστατα,
1259 3778 1410 3863 πάρεστι,
1446 3781 1635 3849 λωτίσασθε.

196 3888 382 3973 Hesychius
431 3886 562 3973 quidem
609 3888 752 3961 λωτίζειν
804 3887 982 3974 explicavit
1028 3886 1138 3954 verbis
1181 3881 1429 3963 ἀπανθίζεσθαι,
1466 3877 1636 3946 ἀπολλύειν

192 4000 228 4054 et
259 3992 405 4055 Zonaras
431 3986 575 4072 λώτισμα
603 3995 732 4058 nomine
769 3986 957 4074 δπάνδημα,
986 3992 1078 4057 cuins
1107 3998 1216 4055 tamon
1252 3985 1452 4071 significatus
1485 3987 1635 4074 exempla

195 4093 323 4160 desunt.
368 4091 414 4157 Ut
445 4093 545 4178 igitur
570 4097 706 4161 verbum
737 4093 879 4170 λωτίζειν
899 4104 988 4160 recte
1017 4092 1255 4178 intellegamus,
1285 4090 1469 4174 analogiam
1498 4091 1633 4154 circnm-

194 4198 322 4285 spicere
351 4197 517 4279 debemus,
552 4220 651 4283 quem
686 4200 793 4286 primo
832 4197 949 4264 obtutu
981 4197 1075 4262 offert
1104 4187 1259 4272 ἀνθίζειν,
1285 4193 1384 4278 quod,
1422 4213 1495 4256 cum
1531 4194 1634 4256 verba

193 4301 227 4365 in
261 4298 317 4374 οζω
354 4300 548 4387 plerumque
587 4301 803 4384 significatum
837 4299 980 4365 habeant
1013 4297 1163 4380 faciendi,
1201 4305 1248 4362 est
1289 4295 1460 4379 „floridum
1493 4293 1633 4361 reddere

193 4401 371 4489 aliquem“,
395 4401 550 4484 ,floribus
573 4400 721 4486 ornare“,
743 4427 808 4469 non
833 4403 949 4486 ,flores
973 4402 1141 4490 carperc“.
1175 4399 1249 4466 Hac
1265 4399 1306 4464 de
1320 4419 1424 4463 cerusav
1441 4396 1635 4471 λωτίζεσθαι

193 4505 254 4572 illo
278 4504 438 4591 Aeschyli
462 4505 533 4571 loco
556 4505 812 4590 intellegendum
835 4513 884 4569 est
910 4503 992 4589 ,sibi
1015 4524 1142 4568 sumere
1167 4500 1208 4566 ad
1238 4522 1332 4568 usum
1363 4509 1397 4565 et
1427 4501 1631 4565 commodum

192 4607 321 4676 suum“.
356 4607 440 4674 Oum
462 4618 571 4672 autem
593 4607 680 4672 hunc
702 4607 796 4672 verhi
819 4605 1038 4691 significatum
1062 4607 1322 4691 cognoverimus,
1346 4626 1409 4668 non
1443 4601 1558 4667 dubito
1593 4623 1632 4666 eo

194 4709 266 4776 loco
283 4733 378 4798 quem
397 4721 574 4777 tractamus
589 4731 707 4775 nomen
730 4708 913 4790 λωτίσματα
935 4709 1140 4798 participiale
1161 4707 1364 4793 intellegere,
1388 4701 1481 4792 ,qui“
1507 4701 1632 4770 scilieet

192 4833 499 4845 ..-—-—-—-—*-

301 4882 321 4948 ¹)
344 4877 490 4950 Musgravi
508 4883 586 4934 carta
606 4878 769 4932 coniectura
788 4879 895 4932 iactum
915 4895 948 4932 ex
966 4877 1152 4947 ἐκκομίζομαι.
1513 4959 1528 4991 ὓ

1494 4961 1512 5014 5
