3796 5518
804 377 1008 442 ,69-

293 561 363 626 Iam
386 564 412 626 si
436 561 582 628 breviter
603 563 839 648 perlustramus
862 563 1050 628 universum
1080 587 1174 629 usum
1198 587 1310 631 eorum
1333 571 1509 650 nominum,
1541 593 1624 656 quae

187 666 220 727 in
240 684 285 742 μα
301 675 433 746 exeunt,
444 664 528 730 hane
544 666 614 730 eius
629 671 787 730 summam
804 688 875 730 esse
889 666 1048 732 videmus.
1078 665 1282 732 Graecorum
1297 672 1439 734 omniurn
1454 692 1625 740 commune

188 777 270 848 erat,
302 767 363 831 nisi
394 767 482 854 quod
512 789 648 833 numero
678 766 883 850 differebant,
910 790 1071 855 usurpare
1094 791 1134 834 ea
1155 772 1287 836 nomina
1310 771 1351 836 ad
1374 771 1623 858 significandum

186 868 232 950 id,
264 869 353 955 quod
380 871 509 935 actione
540 882 590 934 est
620 871 773 936 effectum
801 871 855 935 vel
884 871 929 953 id,
959 872 1002 936 ad
1032 871 1120 958 quod
1144 874 1231 937 actio
1253 875 1422 958 pertinuit,
1449 877 1495 939 ita
1516 879 1625 942 ut'vis

189 982 278 1035 esset
310 973 454 1056 passiva.
508 973 631 1038 Aetiva
667 985 776 1038 autem
812 974 961 1040 solebant
994 997 1065 1040 esse
1099 997 1139 1039 ea
1169 984 1306 1056 tantum,
1340 999 1425 1062 quae
1463 1001 1483 1043 a
1515 979 1625 1044 verbis

188 1074 402 1140 intransitivis
425 1073 574 1140 derivata
597 1086 699 1142 erant.
743 1076 928 1162 Aeschylus
951 1086 983 1140 et
1006 1079 1110 1159 magis
1134 1079 1231 1141 etiam
1251 1076 1425 1163 Euripides
1447 1083 1625 1146 transitivis

188 1198 321 1263 quoque
350 1179 487 1244 eandem
517 1181 584 1243 vim
614 1178 848 1247 attribuebant.
893 1180 1116 1266 Participialia
1145 1179 1286 1264 denique
1308 1180 1365 1244 illa
1388 1204 1472 1267 quae
1496 1184 1570 1249 dieo
1591 1187 1625 1248 in

189 1299 340 1344 sermone
368 1280 498 1364 vulgari
527 1303 635 1367 pauca
664 1281 840 1347 admodum
870 1289 973 1365 erant,
1003 1304 1088 1367 quae
1117 1281 1363 1368 usurpabantur
1385 1285 1548 1350 derebus
1570 1285 1624 1351 vel

189 1385 426 1464 instrumentis,
463 1385 504 1448 de
544 1385 728 1450 hominibus
764 1388 928 1451 rarissime
976 1384 1228 1450 adhibebantur.
1295 1384 1482 1469 Tragoedia
1511 1399 1625 1452 eontra

187 1489 236 1549 eis
265 1485 451 1551 nominibus
481 1499 550 1552 tam
581 1490 663 1554 bene
693 1490 885 1554 sonantibus
914 1489 1073 1574 imprimis
1101 1487 1305 1571 indulgebat,
1337 1507 1411 1551 cum
1433 1491 1539 1554 causis
1561 1490 1625 1555 iilis

188 1591 273 1653 notis
311 1589 351 1653 de
393 1590 576 1655 hominibus
612 1595 711 1656 etiam
744 1602 930 1678 usurparet,
966 1613 1032 1676 qua
1064 1593 1098 1655 in
1131 1593 1289 1655 sermonis
1319 1590 1472 1656 libertate
1501 1595 1624 1679 primas

187 1692 322 1756 tenebat
342 1693 429 1757 idem
453 1693 638 1779 Euripides.

771 2326 867 2398 Pars
888 2327 1030 2397 Tertia.

293 2515 376 2582 Cum
411 2515 517 2580 adhuc
561 2518 691 2580 nomina
741 2517 891 2581 verbalia
921 2519 1136 2581 tractaverim
1171 2519 1244 2600 ipsa
1281 2517 1324 2580 ab
1365 2515 1436 2580 aliis
1479 2519 1625 2581 seiuncta

186 2631 343 2704 respectu
358 2619 468 2682 habito
486 2619 689 2682 formationis
706 2630 738 2683 et
753 2617 964 2714 significatus,
979 2622 1045 2684 iam
1062 2618 1286 2684 demonstrare
1310 2617 1463 2700 conabor,
1488 2629 1624 2704 quanto·

187 2742 266 2807 pere
304 2744 344 2786 ea
366 2724 504 2803 nomina,
541 2743 625 2806 quae
658 2721 803 2787 medium
838 2721 907 2786 fere
939 2735 1052 2786 tenere
1086 2724 1170 2786 inter
1202 2723 1332 2786 nomina
1366 2731 1397 2784 et
1425 2720 1529 2785 verba
1552 2723 1623 2807 ipso

186 2845 301 2887 eorum
324 2825 453 2888 nomine
477 2827 684 2911 exprimitur,
705 2827 737 2888 in
762 2824 877 2889 ordine
898 2823 1077 2889 verborum
1101 2827 1187 2888 etin
1210 2823 1425 2906 adiungendis
1441 2822 1513 2887 aliis
1527 2846 1624 2888 voca-

185 2925 272 2990 bulis
294 2927 403 2990 autin
425 2927 621 2990 substantivi
644 2928 782 2992 formam
805 2929 946 2992 abierint
968 2938 1025 2992 aut
1046 2926 1141 2991 verbi
1161 2929 1211 2990 sui
1233 2936 1383 2992 naturam
1406 2939 1521 2992 secuta
1546 2929 1624 2993 sint.

292 3029 432 3094 Nomina
468 3033 500 3094 in
536 3047 584 3099 σις
620 3015 752 3116 quidem
788 3053 868 3096 vera
897 3033 1103 3095 substantiva
1132 3031 1219 3094 facta
1249 3039 1324 3092 sunt
1355 3039 1388 3091 et
1410 3029 1527 3093 utilia
1550 3051 1623 3093 cum

185 3133 342 3217 genetivo
366 3132 658 3218 coniungebantur,
679 3134 772 3198 velut
793 3134 851 3198 Eu.
868 3135 925 3199 591
954 3133 1076 3217 legitur
1103 3133 1219 3196 τούτου
1241 3123 1270 3194 ἔ
1271 3127 1355 3200 οὔτις
1375 3127 1505 3213 ἄρνησις
1525 3130 1624 3196 πέλει.

187 3238 226 3302 I'n
256 3258 321 3301 uno
350 3248 461 3301 tamen
489 3237 619 3301 nomine
650 3229 773 3318 ἅλωσις,
804 3236 893 3322 quod
917 3237 1054 3320 legimus
1077 3235 1129 3300 Se.
1156 3237 1216 3300 112
1238 3228 1356 3316 ἄρηξον
1377 3234 1475 3296 δαίων
1496 3223 1624 3313 ἅλωσιν,

186 3351 384 3405 structuram
416 3340 585 3406 verbalem
615 3342 838 3424 eognovimus,
869 3343 895 3405 si
922 3341 1019 3406 modo
1045 3340 1154 3404 locum
1177 3346 1266 3402 reete
1289 3340 1521 3420 interpretatus
1543 3359 1624 3404 sum.

187 3443 313 3508 Eodem
357 3443 455 3508 modo
496 3444 701 3506 substantiva
722 3454 797 3507 sunt
820 3466 859 3507 ea
882 3443 1013 3524 nomina
1036 3443 1123 3528 apud
1164 3437 1365 3526 Euripidem,
1400 3440 1455 3523 qui
1489 3439 1552 3504 An.
1584 3441 1625 3505 28

185 3542 394 3629 ἐπικούρησις
412 3543 516 3608 κακῶν
538 3547 635 3610 etiam
658 3545 802 3610 seribere
827 3568 925 3611 ausus
948 3556 1007 3627 est,
1038 3547 1132 3631 quasi
1155 3551 1240 3610 esset
1263 3565 1290 3609 e.
1313 3564 1345 3624 g.
1366 3534 1492 3620 ἅρκεσις
1512 3539 1624 3606 κακῶν.

187 3648 369 3734 Sophocles
391 3671 411 3712 a
434 3670 470 3712 se
491 3649 691 3734 impretavit,
714 3657 750 3712 ut
764 3648 824 3713 Ph.
844 3648 882 3713 18
906 3647 1028 3712 diceret
1043 3642 1135 3731 ἡλίου
1158 3644 1257 3729 διπλῇ
1271 3642 1429 3724 πάρεστιν
1443 3637 1625 3728 ἐνθάκησις,

186 3773 262 3816 cum
284 3750 422 3817 verbum
444 3745 594 3814 ἐνθακεῖν
616 3749 763 3815 dativum
791 3772 921 3838 semper
942 3752 1155 3835 assumpsisse
1177 3749 1240 3829 (El.
1264 3747 1337 3828 267,
1360 3744 1428 3811 OC.
1448 3746 1542 3821 1293)
1566 3768 1625 3832 per

188 3877 222 3918 se
260 3865 430 3940 appareat.
496 3852 674 3920 Comoedia
717 3853 858 3939 denique
902 3865 1053 3918 naturam
1085 3855 1251 3918 nominum
1289 3847 1457 3913 verbalem
1495 3853 1625 3912 omnino

186 3957 402 4041 neglegebat5
424 3957 487 4023 Nu.
510 3956 574 4023 765
597 3956 734 4041 legimus
757 3947 907 4038 ἀφάνισις
928 3955 985 4038 τῆς
1006 3956 1103 4039 δίκης,
1128 3953 1206 4019 alibi
1229 3954 1302 4020 alia.

274 4059 379 4125 Paulo
413 4060 549 4124 solutior
579 4073 629 4124 est
658 4081 736 4124 usus
765 4060 932 4124 nominum
965 4063 999 4124 in
1031 4077 1101 4140 μος,
1134 4059 1193 4122 etsi
1227 4079 1339 4120 eorum
1363 4056 1459 4117 etiam
1483 4053 1625 4139 plurima

188 4162 277 4227 faeta
309 4173 384 4226 sunt
418 4161 630 4227 substantiva.
687 4163 795 4227 Versu
825 4162 959 4247 quidem
987 4162 1069 4226 Hec.
1101 4162 1160 4226 241
1193 4150 1350 4239 ὀμμάτων
1378 4149 1405 4218 τ’
1437 4147 1505 4218 dui
1525 4152 1625 4239 φόνου

186 4264 361 4344 σταλαγμοὶ
383 4260 443 4349 σὴν
463 4265 653 4338 κατέσταζον
674 4271 766 4343 γένυν
787 4288 851 4331 non
872 4275 920 4329 est
942 4265 1031 4350 quod
1047 4263 1150 4328 verba
1170 4261 1346 4342 σταλαγμολ
1370 4252 1438 4323 ἀπὸ
1471 4253 1625 4337 ὀμμάτων

189 4370 434 4453 coniungamus‚
476 4391 550 4433 eum
589 4371 790 4454 praepositio
828 4369 944 4433 referri
978 4369 1081 4453 possit
1118 4367 1160 4431 ad
1193 4364 1341 4428 verbum.
1398 4363 1481 4426 Tres
1514 4372 1625 4426 antem

190 4483 320 4536 exstant
342 4470 418 4552 loei,
441 4470 560 4556 quibus
582 4481 700 4536 natura
721 4470 825 4553 verbi,
849 4470 938 4556 quod
958 4472 1043 4534 inest
1064 4472 1097 4533 iu
1118 4469 1258 4550 nomine,
1290 4469 1406 4553 erupit,
1435 4467 1496 4530 etsi
1519 4465 1624 4530 altero

188 4573 292 4639 verbo
322 4573 435 4640 addito
465 4572 658 4639 infirmatur.
703 4572 757 4638 Se.
780 4574 855 4654 60s1
884 4574 925 4638 de
948 4573 1145 4656 Argivorum
1170 4571 1317 4635 exercitu
1340 4569 1624 4656 appropinquante

189 4675 271 4740 haec
306 4675 477 4743 dicuntur:
499 4680 606 4757 χωρεῖ,
630 4675 740 4753 κονίει,
777 4675 875 4739 πεδία
908 4668 937 4736 δ’
975 4666 1130 4758 ἀργηστλμ
1157 4664 1263 4755 ἀφρὸς
1289 4676 1412 4753 χραίνει
1438 4670 1625 4750 σταλαγμοῖς

187 4775 332 4841 ἱππικῶν
360 4775 394 4842 ἐκ
423 4777 630 4861 πλευμόνων,
661 4781 681 4844 i.
706 4802 733 4846 e.
765 4801 897 4866 campos
921 4780 1108 4864 conspergit
1131 4776 1206 4841 alba
1228 4795 1344 4864 spuma
1367 4773 1562 4839 destillando
1584 4797 1626 4840 ex
