3796 5518
797 361 922 464 -·89
968 433 1005 444 -

290 580 432 644 Nomina
462 581 561 663 igitur
590 581 623 646 in
652 603 710 662 τηρ
738 581 831 647 finita
853 585 932 649 artis
954 585 1074 651 finibus
1098 587 1341 675 circumscripta
1364 613 1436 656 esse
1459 590 1619 673 videmus,

185 685 235 749 ita
257 694 293 747 ut
316 704 423 747 sermo
453 682 634 749 cotidianus
666 708 706 750 ea
736 709 801 750 non
830 697 1005 773 usurparet
1027 691 1088 754 nisi
1111 690 1152 754 de
1173 691 1406 773 instrumentis,
1429 695 1498 758 sim.
1523 693 1621 775 dicta,

186 808 326 873 quocum
347 786 497 852 conferas
524 810 563 851 ea
590 789 698 870 etiam,
717 811 801 875 quae
818 812 918 876 supra
930 813 962 876 p.
972 792 1012 857 19
1023 791 1063 855 de
1079 794 1264 877 significatu
1280 795 1409 860 diverso
1426 795 1622 882 simplicium

186 887 417 954 nonnullorum
441 897 474 953 et
497 891 751 975 compositorum
780 892 859 959 dixi.
888 893 1011 976 ,Huius
1034 903 1143 958 autem
1168 899 1297 979 angusti
1319 918 1397 962 usus
1419 897 1622 962 luculentum

186 991 374 1077 exemplum
410 994 550 1079 praebet
588 994 687 1059 Rhesi
724 995 847 1062 fabula.
906 997 971 1061 Pro
1008 999 1223 1064 instrumento
1262 1001 1344 1064 enim
1386 1023 1484 1064 unum
1518 1008 1624 1064 exstat

185 1093 335 1178 λαμπτὴρ
349 1096 400 1177 60,
419 1095 489 1177 109,
511 1105 545 1160 et
568 1118 642 1160 cum
664 1099 793 1162 termini
816 1098 864 1162 illi
886 1099 1038 1182 technici,
1060 1121 1141 1186 quos
1165 1101 1254 1186 apud
1271 1105 1412 1167 comicos
1427 1103 1623 1181 invenimus,

186 1221 207 1262 a
220 1199 346 1281 tragico
362 1207 461 1282 poeta
476 1197 625 1264 adhiberi
646 1221 711 1264 non
732 1211 874 1287 possent,
896 1224 956 1286 pro
978 1201 1162 1267 hominibus
1189 1217 1329 1292 excepto
1352 1228 1417 1269 uno
1439 1201 1540 1288 βοτήρ
1562 1205 1622 1269 211

189 1305 296 1368 omnia
318 1303 449 1367 nomina
471 1305 504 1367 in
537 1323 593 1387 της
629 1305 769 1369 formata
803 1315 887 1370 sunt.
944 1306 1104 1389 Congruit
1133 1309 1234 1392 igitur
1263 1330 1367 1372 sermo
1399 1307 1460 1372 hac
1491 1307 1623 1393 quidem

186 1427 222 1469 re
237 1405 336 1492 plane
357 1427 432 1470 cum
446 1407 608 1471 cotidiano
626 1415 657 1470 et
669 1430 804 1492 prorsus
827 1409 952 1474 recedit
975 1410 1016 1472 ab
1037 1432 1099 1474 usu
1121 1409 1332 1495 tragicorum,
1357 1431 1452 1496 quem
1475 1410 1627 1488 tractavi,

187 1511 233 1573 ita
255 1518 291 1573 ut
311 1510 383 1573 iure
406 1508 449 1572 ab
471 1529 535 1572 uno
559 1531 601 1572 cx
624 1511 671 1573 eis
693 1510 914 1575 abiudicatam
938 1533 1007 1575 esse
1031 1509 1178 1576 fabulam
1200 1512 1290 1576 illam
1314 1510 1540 1578 concedamus

297 1611 435 1675 Passiva
474 1613 525 1676 vis
555 1613 721 1677 nominum
749 1615 781 1677 in
822 1635 882 1697 τηρ
923 1615 1081 1699 originem
1116 1615 1210 1680 duxit
1243 1640 1261 1681 e
1294 1614 1478 1700 significatu
1510 1617 1628 1678 instru-

189 1723 382 1796 mentorum,
411 1715 457 1778 ita
480 1724 515 1779 ut
536 1734 596 1797 τηρ
620 1723 652 1778 et
676 1738 716 1779 ea
738 1717 809 1802 ipsa
832 1727 863 1779 et
887 1715 979 1796 illud,
1002 1715 1089 1802 quod
1112 1706 1154 1781 ab
1178 1718 1223 1782 eis
1245 1718 1427 1802 perfectum
1451 1728 1510 1800 est,
1533 1718 1628 1801 signi·

190 1815 315 1898 ficaret,
347 1817 402 1901 qui
431 1838 510 1880 usus
533 1816 620 1900 apud
644 1816 790 1883 Graecos
819 1841 954 1905 prorsus
984 1842 1078 1884 rarus
1106 1843 1171 1885 non
1196 1834 1276 1901 erat,
1298 1823 1455 1906 cuiusque
1479 1819 1629 1906 exempla

190 1918 345 1982 nonnulla
360 1918 446 1983 infra
462 1919 606 1984 afferam.
644 1919 808 1986 Homerus
832 1921 964 2007 quidem
986 1924 1155 2009 passivum
1178 1945 1295 1987 nomen
1318 1924 1416 2008 plane
1439 1921 1627 2007 ignorabat;

190 2017 319 2105 κλιντηρ
351 2023 446 2103 enirn,
480 2020 569 2108 quod
599 2021 738 2107 D’Ooge
770 2022 791 2091 l.
814 2024 836 2091 l.
871 2026 916 2088 sic
946 2025 1119 2107 intellexit,
1151 2048 1224 2089 curn
1254 2025 1384 2089 nomine
1411 2019 1513 2108 βατήρ
1533 2022 1630 2088 modo

190 2125 390 2209 comparavi.
446 2123 661 2208 Tragieorum
697 2134 807 2190 autern,
842 2137 873 2190 et
908 2129 1106 2192 comicorum
1141 2129 1325 2192 communia
1358 2140 1433 2192 sunt
1472 2122 1632 2208 χαρακτήρ

194 2225 312 2290 Aesoh.
344 2225 399 2292 Su.
430 2226 504 2306 288,
540 2228 606 2291 Me.
637 2228 711 2311 519,
748 2229 805 2295 Pa.
836 2231 900 2294 220
934 2238 966 2293 et
998 2225 1143 2312 κλωστήρ
1181 2227 1239 2296 Ch.
1262 2228 1336 2311 505,
1374 2229 1514 2295 Ε111.11.
1540 2229 1631 2309 1001,

191 2329 254 2414 Ly.
285 2329 359 2408 561,
392 2329 466 2410 511,
500 2329 560 2394 Ra.
594 2332 686 2396 1349.
742 2331 842 2416 Apud
880 2331 1077 2416 Sophoclem
1109 2334 1208 2418 igitur
1237 2331 1354 2396 desunt
1382 2331 1461 2396 talia
1492 2332 1633 2412 omnino,

193 2453 300 2517 neque
329 2432 470 2496 alterum
501 2431 590 2518 quod
613 2434 707 2498 attuli
729 2434 831 2521 ipsius
855 2435 1085 2520 Aristophanis
1108 2444 1167 2515 est,
1196 2436 1284 2520 quod
1308 2434 1482 2499 scholiasta
1505 2432 1548 2496 ad
1568 2431 1629 2516 Ly.

190 2533 253 2600 561
283 2535 450 2615 explicare
474 2536 588 2600 debuit
610 2534 666 2598 νῦν
693 2530 731 2598 τὸ
753 2538 848 2620 νῆμα,
877 2539 999 2624 quippe
1023 2559 1098 2602 cum
1122 2540 1154 2602 in
1179 2559 1240 2602 usu
1262 2536 1411 2601 sollemni
1441 2557 1506 2599 11011
1530 2545 1626 2600 esset.

192 2635 306 2702 Verba
322 2645 430 2702 autem
447 2633 529 2706 Ζεὺς
543 2635 633 2719 ἱκτὴρ
651 2637 740 2724 apud
755 2640 959 2724 Aeschylum
982 2640 1037 2707 Su.
1060 2641 1124 2706 488
1147 2640 1262 2706 eodem
1287 2639 1384 2704 modo
1408 2635 1631 2720 intellegenda

192 2752 277 2820 sunt,
311 2761 375 2826 quo
416 2733 498 2810 Ζεῠς
530 2732 671 2822 ἀφίκτωρ
705 2739 762 2807 Su.
787 2745 814 2819 1,
845 2742 885 2806 de
909 2741 1027 2829 quibus
1051 2765 1083 2829 p.
1107 2743 1149 2809 86
1173 2743 1250 2808 dixi.
1297 2741 1416 2826 Neque
1436 2761 1517 2804 vero
1539 2746 1630 2802 recte

198 2842 327 2907 videtur
350 2842 428 2906 Eur.
452 2840 503 2908 El.
528 2843 590 2907 146
1267 2868 1269 2873 ’

503 2929 547 3006 ὧν
568 2935 606 3007 oti
628 2947 815 3025 μνασθεῖσα
836 2939 939 3009 πόσιν

418 3119 421 3124 ,
498 3051 639 3126 κτείνεις,
663 3047 795 3112 κλεινῶν
819 3055 1020 3128 σνγγενέτειρ
1051 3042 1201 3129 ἀδελφῶν

195 3151 337 3216 Weilius
367 3149 409 3214 ad
439 3151 546 3217 locum
586 3155 821 3232 censueramus
850 3153 981 3239 passive
1013 3151 1215 3216 intellexisse
1244 3171 1390 3216 sororem
1421 3148 1567 3215 Castoris
1602 3157 1634 3212 et

195 3254 350 3333 Pollucis,
371 3261 408 3318 ut
429 3255 480 3321 his
504 3255 764 3320 commemoratis
788 3256 973 3320 differentia
995 3253 1052 3318 illa
1075 3256 1160 3318 inter
1182 3255 1300 3318 malam
1324 3274 1465 3318 sororem
1483 3261 1516 3316 et
1531 3252 1634 3317 bonos

195 3359 314 3422 iratres
343 3360 447 3444 magis
477 3359 658 3441 efferretur,
689 3360 731 3424 ci.
761 3381 876 3423 versus
898 3359 972 3439 990,
1000 3358 1088 3422 1064.
1135 3357 1279 3421 Primum
1304 3358 1388 3420 enim
1413 3357 1635 3434 συγγενέτειρα

196 3483 357 3548 nusquam
380 3461 449 3526 fere
473 3471 522 3526 est
551 3463 728 3548 passivum,
757 3482 864 3546 neque
886 3459 1026 3525 Weilius
1054 3461 1118 3526 alio
1145 3467 1229 3524 teste
1252 3460 1354 3523 utitur
1367 3458 1427 3522 nisi
1448 3456 1635 3537 Plutarcho,

197 3566 355 3649 quimor.
379 3563 1065 3648 611ΑΕο11110110111010101101111110160
1089 3563 1181 3627 leone
1211 3562 1378 3626 Nemeaeo
1412 3560 1454 3624 ab
1489 3558 1635 3623 Hercule

197 3668 370 3733 interfecto
387 3667 501 3750 dictos,
518 3669 574 3753 qui
597 3676 670 3732 sunt
695 3663 731 3728 οὐ
754 3660 813 3747 γάρ
827 3689 881 3729 πω
904 3663 1039 3749 τρηχεῖα
1059 3661 1142 3745 λαβὴ
1162 3660 1363 3747 κατεμήσατο
1384 3659 1500 3743 χειρῶν
1522 3657 1637 3744 Μήνης

198 3771 300 3834 παῖδα
328 3765 458 3851 χάρωνα
488 3763 566 3851 παρ’
596 3761 748 3832 Ἀσώπσν
778 3767 949 3854 γενετείρῃ,
972 3771 992 3832 i.
1016 3790 1045 3832 e.
1066 3767 1220 3847 Nemeae,
1251 3769 1305 3852 qui
1329 3777 1437 3830 tamen
1461 3763 1637 3828 artificiose

203 3874 298 3939 efficti
312 3885 344 3938 et
359 3875 550 3960 posterioris
566 3874 680 3937 aetatis
700 3885 790 3948 sunt3
807 3871 925 3936 deinde
941 3870 1087 3936 dativum
1102 3871 1241 3935 fortasse
1257 3868 1527 3947 desideraremus,
1544 3866 1637 3929 velut

200 3965 380 4054 ὦσὺγγσνέ
411 3996 468 4053 μοι
503 3976 555 4042 El.
582 3975 673 4050 1308,
702 3975 759 4040 IT.
783 3974 833 4056 86,
856 3973 914 4056 al.;
952 3975 1094 4061 denique
1125 3974 1234 4038 activa
1264 3972 1403 4037 nominis
1433 3971 1484 4056 vis
1515 3970 1639 4054 optima

199 4077 342 4148 videtur,
373 4077 463 4163 quod
491 4078 598 4142 scelus
629 4079 732 4142 maius
762 4077 810 4160 fit,
839 4077 866 4140 si
888 4078 1002 4162 regina
1024 4077 1177 4141 maritum
1200 4097 1266 4140 non
1287 4073 1401 4151 solum,
1432 4070 1488 4135 sed
1511 4081 1639 4158 patrem

202 4181 301 4244 etiam
339 4181 558 4244 communium
598 4179 777 4246 liberorum
817 4180 1020 4244 interfecisse
1049 4179 1177 4243 dicitur.
1240 4173 1380 4241 Accedit
1410 4170 1519 4237 autem
1551 4171 1639 4258 quod

199 4272 340 4363 ἀδελφοί
359 4305 419 4367 pro
442 4292 553 4347 nostro
569 4281 790 4347 Gesohwister
813 4280 935 4347 dictum
958 4283 1031 4346 usui
1057 4280 1233 4364 Euripideo
1258 4277 1399 4343 maxime
1423 4277 1584 4341 convenit.

308 4384 445 4448 Restant
467 4385 567 4469 igitur
589 4387 720 4471 passiva
742 4385 834 4449 nulla
856 4387 917 4449 nisi
939 4380 1109 4468 χαρακτήρ,
1131 4380 1289 4467 κλωστηρ,
1305 4379 1345 4445 de
1361 4401 1500 4467 quorum
1516 4378 1641 4461 origine

203 4490 299 4571 infra,
334 4509 407 4552 oum
438 4487 482 4551 ad
511 4487 685 4552 tractanda
712 4489 844 4554 nomina
871 4489 904 4552 in
934 4507 990 4570 της
1019 4487 1236 4573 pervenerim,
1267 4483 1371 4548 verba
1393 4483 1523 4550 faciam.
1568 4477 1641 4544 Hoc

203 4589 276 4655 loco
310 4588 351 4654 de
380 4611 445 4655 11110
477 4599 604 4654 tantum
634 4589 798 4656 vocabulo
826 4589 923 4676 plura
957 4587 1097 4654 dicenda
1118 4587 1236 4670 habac,
1269 4587 1322 4652 cui
1344 4587 1411 4650 vim
1433 4583 1642 4672 passivama

204 4691 323 4757 criticis
352 4714 419 4758 non
447 4701 537 4758 recte
567 4692 759 4758 attributam
789 4715 860 4759 esse
890 4691 1132 4757 demonstrabo.
1177 4691 1299 4775 Agitur
1330 4689 1416 4754 enim
1446 4686 1641 4752 denomino

202 4788 317 4876 ἕλατηρ
340 4793 422 4861 Ach.
446 4798 519 4879 246,
542 4795 599 4860 ubi
622 4795 690 4860 filia
713 4796 791 4861 dicit
