3796 5518
818 425 1121 490 -19-‘

304 605 392 682 Ὑιός
425 634 445 675 a
479 613 605 677 sincera
634 610 802 695 tragoedia
830 613 970 676 vitatum
1001 613 1071 676 iere
1109 621 1167 676 est.
1212 612 1313 697 Apud
1342 609 1546 694 Aeschylum
1575 608 1637 673 hoe

196 734 316 776 nomen
346 713 397 778 bis
429 715 558 798 legitur,
588 713 640 780 Se.
663 714 737 796 596,
767 714 806 780 fr.
829 714 909 797 3203
940 714 1120 800 Euripidea
1150 715 1303 799 exempla
1325 716 1434 778 inveni
1458 712 1529 795 [Rh.
1553 709 1638 792 539],

194 815 255 881 Tr.
279 817 351 898 987,
387 818 457 897 747,
493 838 589 902 quem
620 817 728 882 locum
758 816 927 882 Nauckius
958 819 1138 882 correxisse
1172 817 1251 881 mihi
1279 817 1422 900 videtur,
1457 814 1513 881 Or.
1546 814 1638 895 1689,

198 917 239 982 fr.
262 920 326 983 424
348 939 399 983 ‘ex
421 920 545 984 Ixionis
567 919 681 984 fabula
704 929 842 1005 sumpto,
874 941 968 1005 quae,
998 929 1035 983 ut
1057 919 1331 985 Wilamowitaius
1340 919 1365 999 ¹)
1392 915 1637 997 demonstravit,

197 1021 287 1084 eirca
311 1043 432 1086 annum
453 1023 517 1086 412
540 1019 638 1086 docta
661 1031 720 1104 est,
742 1024 786 1086 ita
803 1032 838 1086 ut
862 1034 1010 1086 extrema
1032 1029 1157 1087 tantum
1179 1031 1298 1109 poetae
1318 1031 1424 1087 aetate
1440 1021 1502 1086 hoc
1517 1041 1635 1084 nomen

198 1127 234 1186 in
260 1147 322 1189 usu
343 1125 442 1189 fuisse
464 1123 643 1193 videamus.
688 1126 816 1191 Parvus
843 1125 895 1189 hic
927 1137 976 1190 est
998 1148 1151 1190 numerus
1169 1126 1326 1207 locorum,
1349 1126 1405 1211 qui
1427 1124 1592 1204 minuitur,
1613 1121 1639 1184 si

198 1224 299 1291 rnodo
322 1229 391 1291 iure
416 1226 653 1294 dubitationem
677 1231 778 1293 movit
799 1251 915 1293 versus
937 1228 993 1293 ille
1017 1227 1073 1292 Or.
1099 1229 1181 1292 1689

316 1325 318 1332 ’
562 1324 630 1392 σάν
646 1325 867 1413 Τυνδαρίδαις,
891 1336 957 1398 τοῖς
979 1326 1061 1400 Διὸς
1083 1329 1174 1408 υἱοῖς,

559 1431 687 1504 ναύταις
706 1434 866 1513 μεδέουσα
889 1431 1063 1516 θαλάσσης.

311 1530 515 1599 Offendimus
539 1536 624 1599 enim
647 1538 678 1600 in
702 1558 740 1600 eo
762 1559 861 1601 versu
882 1537 1034 1620 primum,
1058 1536 1146 1621 quod
1165 1557 1319 1599 numerus
1341 1533 1479 1618 pluralis
1502 1532 1640 1598 nominis

197 1629 271 1702 -τὶός
305 1636 394 1721 apud
428 1645 543 1722 poetas
577 1640 743 1703 scaenicos
776 1662 840 1702 non
870 1637 1047 1702 secundam
1077 1638 1134 1701 sed
1164 1638 1295 1700 tertiam
1326 1638 1419 1722 sequi
1442 1635 1523 1700 solet
1544 1633 1641 1697 decli.

201 1738 377 1818 nationem,
414 1738 455 1803 cf.
494 1742 627 1804 unicum
663 1743 695 1805 in
733 1741 903 1826 tragoedia
939 1740 1078 1826 pluralis
1115 1740 1302 1825 exemplum
1351 1739 1450 1824 Soph.
1486 1737 1548 1802 An.
1578 1736 1640 1801 571

196 1830 296 1907 κακάς
323 1833 381 1917 ἐγώ
413 1849 559 1919 γυναῖκας
587 1839 689 1904 υἱέσιν
716 1844 855 1926 στυγῶί),
894 1842 1011 1907 deinde
1041 1844 1225 1908 coniunctio
1257 1841 1435 1906 verborum
1460 1841 1526 1922 illa,
1557 1861 1647 1925 quae.

204 1951 253 2004 est
278 1942 492 2025 Τυνδαρίδαις
519 1948 589 2013 τοῖς
616 1941 697 2016 Διδς
726 1943 816 2022 υἱοῖς,
846 1947 934 2032 apud
967 1946 1133 2010 scaenicos
1156 1945 1253 2030 plane
1277 1944 1449 2029 singularis
1473 1953 1530 2024 est,
1553 1941 1643 2027 apud

196 2042 283 2107 alios
318 2067 393 2109 raro
429 2049 603 2125 invenitur,
639 2072 667 2115 e.
692 2072 722 2133 g.
746 2049 841 2116 Dem.
866 2049 1023 2132 24,135;
1058 2047 1175 2129 3563),
1198 2069 1282 2127 cum,
1306 2048 1332 2110 si
1360 2043 1441 2115 υἱοῖς
1464 2046 1642 2126 omittatur,

202 2167 394 2230 comparare
426 2151 627 2236 potuerimus
658 2173 773 2216 versus
806 2152 864 2216 Ba.
899 2152 961 2216 366
984 2149 1028 2234 τῷ
1050 2152 1176 2234 Βακχίῳ
1194 2145 1254 2229 γὰρ
1277 2149 1322 2231 τῷ
1344 2144 1423 2217 Διὸς
1445 2147 1642 2221 δουλευτέον,

202 2247 250 2312 Io.
287 2249 357 2328 188,
386 2250 478 2316 alios.
534 2251 630 2332 Quod
663 2264 773 2319 autem
802 2258 834 2318 in
869 2256 982 2319 codice
1015 2256 1046 2318 A
1080 2254 1257 2338 ascriptum
1301 2262 1351 2316 est
1392 2244 1487 2332 ὑγρᾶς
1521 2250 1643 2335 optime

203 2362 311 2435 potest
343 2353 476 2420 defendi
499 2379 530 2422 v.
560 2378 592 2421 v.
621 2357 741 2425 Aescb.
765 2357 820 2422 Su.
845 2356 907 2423 265
939 2359 1107 2435 συντέμνει
1138 2347 1246 2436 δ’άρος
1272 2349 1366 2434 ιὶγράς
1388 2347 1563 2433 θαλάσσης,
1586 2350 1643 2414 IA-

199 2453 267 2518 ’.948
311 2452 357 2533 μὰ
397 2454 457 2518 τὸν
504 2449 545 2521 δι’
588 2454 693 2542 ὑγράν
735 2455 882 2539 κυμάτων
925 2461 1156 2539 τεθραμμένον,
1210 2455 1403 2521 Callimachi
1455 2456 1558 2540 epigr.
1604 2450 1644 2517 18

195 2555 345 2642 :aliisque
368 2558 458 2624 locis,

314 2661 414 2746 Apud
451 2663 648 2751 Sophoclem
678 2665 819 2751 denique
850 2674 975 2752 septem
998 2664 1152 2729 vocabuli
1181 2661 1251 2725 υἱοῦ
1275 2660 1426 2747 exempla
1447 2660 1644 2738 invenimus3

204 2761 442 2849 Aristophanes
465 2776 574 2831 autem
597 2791 694 2854 quam
718 2770 905 2854 saepissime
928 2791 966 2831 eo
990 2767 1154 2846 utebatur,
1176 2774 1274 2851 atque
1296 2775 1366 2826 turn
1385 2763 1555 2848 imprimis,
1570 2781 1645 2824 eum

206 2885 323 2928 nomen
348 2866 505 2933 sollemne
528 2867 644 2939 παιδός
667 2893 828 2956 usurpare
846 2893 910 2935 non
930 2877 1071 2954 poterat,
1093 2872 1113 2934 i.
1132 2892 1159 2934 e.
1174 2878 1328 2952 respectu
1344 2865 1456 2929 habito
1472 2871 1647 2949 parentum

205 2987 266 3050 pro
296 2965 375 3049 filie,
408 2970 501 3034 velut
530 2972 580 3036 Pl.
611 2975 653 3038 35
684 2966 791 3035 τάνδ’
815 2971 894 3052 υἱόν,
919 2966 1025 3055 ὅσπερ
1049 2963 1215 3050 alapiona
1244 2992 1298 3049 μοι
1328 2966 1485 3046 τυγχάνει,
1509 2967 1571 3031 Nu.
1597 2967 1646 3047 14,

207 3068 278 3146 797,
296 3079 328 3133 et
345 3093 484 3157 semper,
501 3077 526 3137 si
542 3077 646 3160 patris
660 3098 778 3140 nomen
791 3075 984 3157 addebatur,
1001 3075 1063 3138 Nu.
1078 3075 1140 3138 134
1160 3065 1322 3140 Φείδωνος
1343 3064 1414 3140 υἱὸς
1437 3063 1646 3153 Στρεψιάδης,

208 3169 267 3236 Vc.
291 3173 342 3253 98,
383 3175 475 3257 1501,
513 3177 687 3260 Ρκ.1290,
723 3178 782 3245 Ra.
812 3181 854 3243 22
884 3179 1022 3263 aliisque
1052 3176 1143 3256 locis,
1174 3197 1311 3261 quorum
1341 3172 1515 3237 nonnullos
1547 3193 1647 3255 supra

201 3273 310 3356 attuli,
334 3297 408 3340 cum
432 3299 551 3343 nornen
572 3276 689 3350 παιδός
710 3291 896 3346 tractarem.
941 3281 978 3345 In
1003 3279 1224 3367 appellatione
1248 3286 1357 3340 autem
1379 3271 1451 3344 υἱός
1473 3275 1647 3339 celebriori

207 3373 254 3437 illi
275 3384 350 3446 παῖς
373 3382 503 3445 omnino
526 3383 643 3446 cedere
667 3383 790 3449 debuit.

316 3477 368 3542 Ex
404 3505 442 3546 eo
479 3484 534 3568 qui
567 3486 738 3570 praevalet
772 3486 956 3571 significatu
990 3486 1128 3549 nominis
1163 3490 1238 3552 παῖς
1268 3483 1425 3568 sequitur,
1459 3490 1495 3545 ut
1518 3481 1648 3566 saepius

206 3601 306 3664 quam
337 3581 408 3652 υἱός
441 3587 473 3650 in
504 3588 675 3670 tragoedia
704 3589 833 3673 legatur
861 3584 1016 3670 θυγάτηρ.
1067 3587 1169 3673 Apud
1199 3585 1400 3670 Aeschylum
1430 3583 1563 3670 quidem
1586 3583 1649 3644 tria

209 3685 361 3768 exempla
387 3689 580 3772 invenimus
602 3691 664 3776 Ag.
681 3693 733 3773 84,
748 3693 820 3767 235,
838 3692 937 3774 1555,
960 3691 1135 3776 Euripides
1158 3699 1268 3753 autem
1292 3697 1325 3752 et
1341 3684 1522 3773 Sophocles
1544 3684 1648 3747 libere

210 3794 243 3848 et
272 3809 371 3872 saepe
405 3811 442 3854 eo
475 3792 661 3858 utebantur.
707 3794 878 3878 Significat
907 3805 1018 3858 autem
1046 3787 1193 3875 θυγάτηρ
1223 3789 1335 3871 filiam,
1365 3810 1425 3875 pro
1456 3787 1568 3875 puella
1595 3785 1649 3848 vel

209 3888 337 3971 virgine
362 3914 523 3977 nusquam
547 3894 635 3982 apud
658 3899 833 3982 scriptores
857 3897 1003 3963 Graecos
1026 3896 1154 3981 legitur.
1189 3892 1284 3974 Quod
1309 3895 1393 3957 enim
1416 3892 1448 3954 in
1464 3887 1649 3954 Phalaridis

207 3990 267 4071 qui
291 3991 410 4058 dicitur
434 3996 577 4080 epistula
601 4001 661 4065 137
671 4000 696 4080 4)
721 3999 858 4084 legimus
883 4005 994 4079 πέμπε
1016 3997 1052 4062 δὲ
1072 4005 1140 4067 τοῖς
1162 3993 1272 4076 γάμοις
1294 3997 1334 4079 τῇ
1356 3994 1450 4058 παιδὶ
1470 3993 1651 4074 θυγατέρας
1677 4027 1680 4033 -

208 4095 360 4171 τέτταρας
396 4091 548 4181 ὁμήλικας
583 4103 635 4164 καὶ
665 4106 841 4182 γυναικείας
875 4095 1065 4184 άμπεχάνας,
1108 4101 1164 4165 ubi
1208 4103 1381 4180 θυγατέρες
1422 4097 1529 4162 dictae
1573 4102 1649 4158 sunt

316 4337 336 4408 ¹)
355 4336 496 4392 Analecta
515 4339 670 4410 Euripides
689 4359 716 4411 p.
739 4342 797 4399 173.

316 4444 337 4515 2)
357 4442 401 4498 Of.
420 4443 555 4498 Kuehncr
573 4447 592 4501 l.
613 4446 632 4506 1,
650 4446 665 4500 Ι
683 4449 706 4516 1,
726 4447 786 4500 508.

317 4545 339 4619 ³)
358 4547 402 4603 Cf.
416 4547 604 4604 Meisterhans
623 4551 801 4605 Grammatik
815 4549 864 4604 der
877 4548 1018 4603 attischan
1032 4546 1200 4600 inschriften
1221 4549 1231 4580 ³
1244 4563 1271 4615 p.
1281 4545 1347 4603 206:
1366 4543 1413 4598 bai
1432 4542 1482 4596 der
1496 4539 1651 4596 offizicllon

206 4647 347 4704 nonnung
375 4635 452 4690 aines
481 4635 616 4708 buergers
641 4637 712 4694 wird
736 4637 786 4691 dar
804 4636 913 4708 genitiv
932 4636 981 4689 des
1003 4647 1200 4689 vaternamens
1220 4635 1366 4702 zugesatat
1384 4629 1457 4684 ohne
1475 4627 1651 4698 beifuegung

207 4733 269 4770 ivon
286 4717 355 4784 υίδς.

316 4825 340 4895 ⁴)
359 4827 403 4884 Of.
423 4847 495 4902 quae
509 4829 671 4900 Lannapius
690 4829 838 4884 annotavit
855 4848 882 4900 p.
900 4829 953 4883 360
973 4826 1105 4882 editionis
1118 4841 1195 4894 suae,
1206 4820 1368 4876 Lobeclrius
1382 4817 1539 4960 Phrppichi
1550 4835 1577 4888 p.
1590 4818 1651 4874 239.
