3796 5518
827 441 1034 507 „51-

199 639 401 720 πυρετοῖσί
430 633 488 713 eis,
512 653 595 717 quae
617 653 715 716 supra
739 631 843 710 attuli,
868 633 945 695 satis
968 631 1138 716 probatur.
1173 633 1247 699 Non
1271 637 1403 700 minima
1426 647 1536 701 autem
1557 639 1653 705 huius

201 759 281 801 usus
318 757 419 800 causa
451 744 531 817 erat,
565 735 657 820 quod
688 733 745 816 illi,
776 755 850 798 cum
890 747 1105 819 sequerentur
1134 738 1278 801 rationes
1320 761 1385 820 eas,
1429 761 1510 824 quas
1551 762 1650 827 supra

185 840 354 924 ‘exposui
379 837 462 902 haec
484 840 619 902 nomina
642 838 683 901 de
705 836 889 902 hominibus
913 839 1011 901 etiam
1034 859 1194 926 usurpare
1217 849 1379 924 poterant.

311 940 382 1004 Iam
404 962 518 1005 meum
544 950 602 1022 est,
639 939 726 1026 quod
749 949 818 1005 tota
839 939 900 1004 hac
924 943 1194 1006 commentatione
1222 945 1377 1028 poscitur,
1400 946 1538 1029 aperire,
1564 967 1648 1031 quae

203 1044 249 1107 sit
274 1043 457 1107 differentia
478 1046 563 1107 inter
585 1053 760 1128 utrumque
784 1045 941 1108 sermonis
963 1064 1075 1127 genus,
1112 1047 1232 1129 quain
1255 1068 1291 1110 re
1310 1046 1467 1112 nonnulla
1488 1049 1652 1113 vocabula

198 1147 312 1212 adhuc
330 1169 458 1232 parum,
480 1161 516 1211 ut
538 1147 680 1227 videtur,
696 1147 872 1225 intellecta,
890 1147 1086 1232 significatui
1103 1151 1209 1213 activo
1231 1160 1288 1213 aut
1302 1149 1511 1236 participiali,
1533 1149 1651 1235 quibus

200 1251 392 1315 nominibus
414 1251 461 1314 uti
485 1249 561 1315 mihi
583 1248 682 1314 liceat
707 1251 880 1314 brevitatis
904 1272 1015 1331 causa,
1039 1250 1268 1316 attributurum
1291 1273 1437 1316 measse
1462 1275 1569 1338 sper0.

181 1343 184 1352 ’
313 1353 428 1435 Longe
463 1355 638 1417 maximam
667 1366 794 1439 partem
825 1355 992 1418 nominum
1014 1356 1046 1418 in
1072 1374 1118 1431 μα
1146 1356 1211 1417 vim
1241 1355 1407 1438 passivam
1438 1357 1650 1440 assumpsisse

200 1457 268 1519 'iam
299 1455 377 1520 dixi.
429 1455 473 1519 Et
504 1456 592 1543 apud
623 1470 748 1521 ceteros
784 1467 817 1519 et
848 1456 937 1542 apud
966 1465 1091 1541 poetas,
1122 1477 1260 1541 quorum
1290 1477 1473 1520 sermonem
1497 1459 1649 1543 equidem

202 1565 323 1639 tracto,
353 1579 406 1621 res
436 1560 482 1621 ita
511 1558 678 1641 sehabet,
707 1580 815 1644 neque
837 1580 945 1621 meum
968 1571 1017 1622 est
1041 1579 1210 1644 quaerere,
1232 1568 1341 1622 utrum
1364 1558 1421 1622 ille
1447 1559 1649 1642 significatus

200 1661 395 1746 principalis
418 1662 468 1741 sit,
485 1683 526 1725 an
542 1663 623 1725 alius
638 1661 780 1747 quidam
793 1663 1019 1744 praecesserit.
1051 1661 1194 1724 Passivis
1210 1661 1398 1726 autemillis
1417 1664 1648 1728 enumerandis

199 1763 420 1849 supersedere
461 1763 539 1826 mihi
573 1763 660 1842 licet,
695 1765 817 1849 quippe
850 1785 934 1848 quae
968 1763 1090 1849 ubique
1118 1765 1335 1829 inveniantur.
1383 1763 1499 1829 Unum
1522 1775 1647 1830 tantum

203 1887 331 1944 nomen,
368 1888 385 1929 e
429 1867 521 1929 euius
558 1866 744 1950 significatu
781 1868 885 1949 magis
918 1869 1087 1950 magisque
1121 1865 1323 1950 amplificato
1356 1867 1444 1930 bene
1482 1865 1646 1948 discimus,

197 1986 363 2054 quantum
385 1969 418 2031 in
441 1967 507 2032 illis
529 1969 712 2034 nominibus
735 1969 914 2033 formandis
938 1969 1000 2032 sibi
1022 1971 1219 2054 sumpserint
1234 1981 1365 2054 poetae,
1383 1991 1513 2055 quoque
1529 1970 1646 2035 eodem

199 2071 373 2154 probatur,
394 2092 492 2154 quam
514 2085 584 2136 arte
608 2095 652 2136 ea
678 2094 748 2135 sese
773 2073 1014 2157 applicaverint
1028 2070 1191 2136 interdum
1209 2072 1251 2134 ad
1267 2072 1452 2157 perfectum
1468 2075 1646 2157 passivum,

206 2173 270 2236 hoc
302 2173 375 2237 loco
409 2174 585 2258 proferam.
632 2177 770 2259 Πέσημα
804 2177 896 2239 initio
929 2173 1092 2259 significat
1119 2177 1226 2260 ipsum
1249 2186 1357 2239 actum
1381 2173 1530 2256 cadendi,
1552 2176 1646 2239 velut
1726 2207 1731 2217 ·

191 2272 260 2341 '‘Or.
281 2276 363 2340 1548
386 2268 497 2338 διὰτὸ
521 2275 692 2357 Μυρτίλου
714 2271 829 2361 πέσημ’
852 2273 886 2339 ἐκ
908 2276 1034 2357 δίφρου.
1076 2276 1232 2362 Sequitur
1255 2274 1457 2359 significatus
1472 2278 1541 2342 eius
1557 2276 1646 2362 quod

176 2397 178 2404 ’
203 2377 330 2458 cecidit,
364 2375 456 2442 velut
489 2379 568 2444 Eur.
602 2380 660 2445 Ph.
695 2380 775 2445 1701
812 2379 871 2442 filii
903 2380 1055 2444 dicuntur
1084 2362 1213 2460 cipido
1238 2373 1395 2461 πεσήματ’
1421 2368 1509 2441 ἄθλι’
1529 2369 1645 2441 ἀθλίου

201 2477 332 2563 πατρός,
370 2481 439 2548 HF.
475 2486 567 2560 1131,
604 2485 666 2552 An.
696 2485 770 2564 652,
810 2484 867 2550 ΓΓ.
900 2483 984 2548 1384
1019 2478 1058 2545 τό
1086 2474 1115 2544 τ’
1144 2477 1280 2561 οὐρανοῦ
1308 2485 1448 2562 πέσημα,
1477 2481 1534 2564 τῆς
1562 2479 1643 2550 Διὸς

193 2581 298 2668 ,κόρης
315 2578 445 2662 ἄγαλμα,
468 2607 532 2670 quo
557 2586 629 2651 loco
654 2587 825 2670 genetivus
849 2585 903 2650 ille
927 2587 981 2670 qui
1004 2598 1054 2649 est
1076 2578 1211 2663 οὐρανοῦ
1233 2585 1316 2647 bene
1339 2582 1523 2648 illustratur
1543 2604 1643 2648 versu

174 2685 260 2750 ‘Tm
298 2689 389 2767 1121,
424 2688 481 2752 ubi
518 2687 557 2750 de
594 2689 798 2774 Astyanacte
828 2685 963 2752 dicitur:
993 2681 1034 2749 dv
1062 2686 1192 2766 πυργων
1221 2686 1359 2768 δίσκημα
1379 2678 1498 2766 πικρὸν
1519 2688 1643 2749 Δαναοὶ

192 2791 379 2857 κτείναντες
403 2784 531 2866 ἔχουσιν
541 2790 575 2869 ¹).
613 2792 652 2855 Id
679 2805 788 2854 tamen
812 2790 989 2854 tenendum
1013 2806 1062 2854 est
1085 2791 1234 2852 omnibus
1257 2789 1306 2852 lris
1329 2787 1409 2852 locis
1432 2791 1562 2870 πέσημα
1576 2811 1641 2854 non

200 2905 267 2955 tam
299 2913 379 2977 prae
416 2915 449 2955 se
482 2893 568 2958 ferre
602 2895 668 2957 vim
704 2895 870 2978 participii
893 2893 1032 2977 perfecti
1053 2893 1154 2956 activi
1186 2913 1283 2977 quam
1306 2892 1472 2975 participii
1502 2895 1640 2976 perfecti

192 2994 365 3077 passivi2),
401 2994 488 3080 quod
516 2998 618 3079 magis
652 2997 748 3059 etiam
787 2996 931 3059 cernitur
956 2995 1106 3080 exemplo
1140 2993 1227 3079 quod
1256 2996 1319 3057 iam
1355 2996 1511 3079 sequitur.
1557 2993 1640 3060 Cum

191 3097 284 3160 -enim
318 3098 452 3158 πίπτειν
485 3097 622 3163 accedat
658 3099 700 3163 ad
727 3100 795 3163 vim
825 3100 976 3184 passivae
998 3098 1123 3162 formae
1144 3093 1320 3178 βάλλεσθαι
1355 3097 1408 3175 (cf.
1446 3097 1518 3162 HF.
1556 3097 1641 3179 853),

202 3219 285 3262 voce
317 3203 447 3282 πέσημα
489 3201 575 3265 idem
617 3199 835 3284 significatur,
881 3199 969 3285 quod
1002 3201 1176 3284 participio
1213 3190 1250 3261 τὸ
1283 3197 1486 3281 βεβλημένον,
1525 3201 1569 3264 ita
1603 3213 1640 3264 ut

190 3299 279 3366 'Heu
304 3301 367 3366 699
389 3304 522 3385 reginae
546 3303 631 3367 filius
650 3303 778 3368 dicatur
800 3299 951 3386 ἕκβλητον
973 3293 994 3384 ἢ
1015 3307 1146 3386 πέσημα
1167 3305 1295 3382 φοινίου
1317 3297 1419 3380 δορός.
1458 3301 1639 3366 Genetivus

188 3413 306 3466 autem
337 3404 389 3468 hic
420 3428 438 3468 e
469 3405 573 3478 forma
597 3407 728 3492 passiva
750 3407 881 3491 pendet,
916 3415 953 3469 ut
990 3405 1030 3469 El
1077 3407 1136 3469 123
1163 3394 1189 3464 ὦ
1219 3404 1334 3485 πάτερ,
1361 3399 1399 3465 σύ
1429 3396 1458 3465 δ’
1488 3398 1522 3466 έν
1551 3396 1640 3487 Ἀίδᾳ

187 3513 298 3568 ,κεῖσαι
321 3507 379 3577 σᾶς
397 3503 512 3584 ἀλόχου
535 3509 665 3587 σφαγεὶς
685 3505 853 3586 Αἰγίσθου
876 3500 913 3590 τ’,
937 3499 1146 3588 Ἀγάμεμνον,
1171 3505 1227 3571 Or.
1245 3507 1308 3573 497
1333 3507 1470 3590 aliisque
1494 3506 1584 3571 loeis.

291 3608 361 3675 Iam
371 3611 516 3673 transibo
526 3611 566 3674 ad
576 3612 752 3675 secundam
762 3611 964 3695 significatus
974 3614 1116 3696 speciem
1127 3611 1479 3691 nominaminuu,dico
1496 3613 1637 3675 activam

189 3709 286 3774 illam
309 3714 362 3774 vel
387 3713 503 3776 melius
526 3713 686 3793 infinitivi,
711 3737 775 3798 qua
803 3735 937 3799 prorsus
968 3725 1150 3798 aequantur
1178 3713 1362 3777 nominibus
1386 3714 1418 3776 in
1441 3730 1510 3789 μσς,
1532 3714 1578 3775 ita
1601 3723 1637 3776 ut

189 3813 378 3879 differentia
390 3819 475 3879 inter
490 3839 529 3880 ea
543 3816 633 3880 nulla
657 3816 743 3895 siti).
778 3817 835 3881 Vis
860 3828 967 3881 autem
990 3821 1100 3880 activa
1124 3815 1213 3900 apud
1235 3837 1347 3879 omues
1363 3814 1511 3878 Graecos
1533 3814 1636 3879 multo

191 3919 303 3980 rarius
320 3919 485 3982 invenitur
502 3941 598 4003 quam
616 3921 757 4004 passiva.
793 3919 956 3984 Homerus
980 3919 1113 4004 quidem
1130 3939 1195 3981 uno
1212 3929 1336 3983 tantum
1352 3919 1482 3981 nomine
1498 3918 1544 3978 sic
1560 3938 1636 3981 usus

190 4013 1636 4110 ·est,quodlegituret'ouudued'‘Ele'vquppiqpuedtecccccxdcreB356,590.n0vissimis

300 4260 321 4324 ¹)
341 4256 384 4314 Cf.
404 4256 568 4328 Br‘ugmann
585 4258 604 4315 l,
623 4257 642 4312 l.
660 4275 688 4325 p.
706 4257 771 4325 3963
791 4255 927 4308 Kuehner
946 4255 963 4307 1.
982 4254 1000 4312 l.
1022 4254 1050 4306 ll
1071 4257 1094 4320 1,
1112 4255 1172 4308 394.

300 4345 323 4412 ²)
343 4343 450 4398 Eodem
470 4343 552 4397 modo
572 4349 614 4396 est
632 4340 786 4412 βλάστημα
807 4341 851 4396 Se.
872 4343 931 4409 520,
950 4341 1003 4394 Μο.
1018 4341 1086 4397 1098
1105 4346 1133 4394 et
1151 4336 1311 4408 βλαστημός
1330 4335 1377 4393 Su.
1390 4339 1450 4407 320,
1462 4338 1508 4394 Se.
1527 4341 1559 4394 12
1577 4356 1634 4393 non

165 4435 166 4442 ’
193 4429 230 4487 id.
245 4428 329 4501 >quod
347 4431 445 4495 crevit,
463 4428 513 4482 sed
531 4430 630 4482 melius
650 4429 687 4498 id,
706 4429 782 4499 quod
801 4433 979 4497 procreatum
999 4434 1048 4484 est.

302 4519 324 4583 8)
343 4516 486 4570 Assentiri
515 4533 572 4568 non
605 4532 720 4586 possum
751 4514 921 4583 Schirlitaio,
952 4514 1000 4584 qui
1026 4513 1081 4571 11.
1106 4530 1133 4582 p.
1154 4513 1187 4566 14
1209 4511 1282 4566 hanc
1307 4512 1476 4565 sententiam
1502 4513 1632 4582 protulit:

195 4605 308 4675 „Neque
340 4606 414 4656 enim
433 4599 540 4674 δίωγμα
561 4605 645 4675 plane
671 4603 744 4655 idem
770 4619 831 4655 esse
857 4601 1023 4655 crediderim
1048 4600 1123 4671 quod
1151 4604 1194 4653 est
1220 4595 1350 4668 διωγμόςς
1378 4599 1461 4651 immo
1485 4616 1552 4652 vero
1570 4599 1632 4669 hoc,

192 4692 479 4762 quantulumcumque
511 4695 561 4759 est,
588 4689 757 4743 discriminis
780 4693 912 4756 statuam,
938 4695 970 4740 ut
1001 4684 1110 4756 δίωγμα
1138 4691 1166 4740 et
1184 4687 1287 4739 similia
1306 4702 1362 4738 non
1382 4692 1439 4737 tam
1458 4684 1632 4739 abstractam

191 4779 312 4832 actionis
342 4779 472 4831 notitiam
503 4777 661 4847 exprimant
691 4793 774 4847 quam
804 4793 891 4829 unum
921 4778 950 4827 et
969 4774 1050 4845 quasi
1069 4778 1175 4826 certum
1194 4773 1315 4826 actionis
1335 4771 1518 4841 exemplum“‚
1552 4771 1632 4826 Haec

185 4865 274 4918 nimis
294 4864 437 4919 subtiliter
457 4865 586 4935 quaesita
605 4880 665 4917 esse
686 4863 819 4932 exemplis
838 4863 913 4915 inira
933 4859 1088 4915 afferendis
1108 4859 1357 4916 demonstrabitur.

1488 4942 1522 4996 ,με
