3796 5518
925 394 1132 458 ..16-

310 582 479 666 Euripidis
503 583 637 664 seilicet,
669 581 742 647 HF.
766 582 808 648 50
830 577 959 650 Μινύας
987 576 1145 663 κρατήσας
1177 572 1275 661 οόμός
1310 574 1435 667 εόγενης
1466 583 1568 665 τόκος,
1603 581 1654 648 El.
1677 584 1761 666 658„

310 706 428 749 nomen
450 681 543 754 τόκος
564 685 607 748 ad
630 686 737 771 ipsum
759 686 861 772 patris
884 685 938 749 vel
961 695 1132 771 parentum
1155 707 1274 750 nomen
1291 707 1389 770 quam
1405 685 1566 751 artissime
1588 707 1623 750 sc
1645 687 1751 774 appli-

311 796 412 868 caret,
435 788 481 851 ita
503 796 539 851 ut
560 796 710 851 naturam
733 789 802 852 eius
825 786 967 852 debilem
990 809 1235 871 cognoscamus.

413 888 631 955 Collectivam
653 900 762 954 autem
786 890 853 954 vim
875 885 971 959 τόκος
993 888 1081 975 apud
1103 891 1245 972 tragicos
1267 911 1344 954 raro
1366 913 1447 976 prae
1469 913 1504 956 se
1535 891 1608 970 lert,
1645 893 1751 958 tribus

308 992 547 1072 tantum-locis,
570 989 628 1076 cy.
655 992 724 1074 162,
747 993 797 1056 El.
818 993 881 1056 626
904 997 1039 1074 τροφεῖα
1061 991 1188 1053 παίδων
1218 981 1238 1075 ἢ
1270 987 1336 1071 πρό
1367 991 1541 1072 μέλλοντος
1568 990 1676 1070 τόκου,
1695 994 1749 1062 Sc.

310 1096 382 1176 792,
405 1093 462 1158 ubi
484 1095 616 1158 nuntius
639 1093 738 1159 choro
762 1095 881 1159 fratres
901 1098 1009 1179 regios
1033 1116 1144 1180 pugna
1165 1093 1322 1160 cecidisse
1344 1097 1472 1160 nuntiat

558 1200 633 1260 ΑΓ.
657 1198 825 1277 φρονοῦσα
849 1198 904 1258 νῦν
926 1196 1074 1272 ἄκουσον,
1101 1193 1244 1261 Οἰδίπου
1270 1196 1363 1266 τόκος

558 1300 635 1366 ΧΟ.
659 1296 692 1362 οἲ
710 1293 763 1378 ’γώ
786 1299 927 1372 τάλαινα,
948 1297 1059 1378 μάντις
1082 1297 1148 1378 εἰμὶ
1169 1302 1234 1362 τῶν
1254 1301 1367 1368 κακῶν.

556 1406 630 1468 ΑΓ.
655 1399 724 1464 οὐδ’
747 1396 949 1486 ἀμφιλέκτως
966 1399 1033 1486 μὴν
1055 1403 1332 1486 κατεσποδημένοι

555 1506 628 1569 ΧΟ.
653 1501 758 1567 ἐκεῖθι
778 1507 932 1589 κεῖσθον;

308 1609 382 1673 Ηοο
403 1609 476 1674 loeo
499 1612 540 1673 ab
565 1608 715 1673 omnibus
738 1608 876 1673 verbum
898 1608 1055 1672 traditum
1088 1619 1246 1672 mutatum
1280 1630 1351 1672 esse
1384 1610 1416 1671 in
1449 1603 1538 1671 τόκοι
1571 1609 1626 1674 vel
1662 1607 1763 1672 τόκιοΦ

307 1710 459 1794 neglecta
481 1711 621 1776 lectione
651 1711 744 1774 varia
767 1713 864 1788 γένος,
886 1732 985 1796 quam
1007 1710 1113 1774 altera
1144 1733 1258 1774 manus
1289 1710 1449 1796 adpinxit‚
1479 1733 1577 1797 quem
1607 1713 1751 1776 maxime

308 1815 418 1878 miror.
462 1813 537 1879 Non
558 1815 643 1878 enim
666 1836 706 1877 ea
727 1836 781 1878 res
804 1812 1040 1877 dubitationem
1062 1835 1196 1878 movere
1219 1813 1342 1887 debuit,
1364 1814 1452 1898 qnod
1468 1813 1511 1877 ed
1527 1836 1643 1878 nomen
1660 1809 1752 1885 τόκος

308 1918 450 2000 pertinet
472 1913 566 1980 verbi
589 1938 745 1980 numerus
764 1914 911 2000 pluralis,
933 1938 996 1980 non
1021 1914 1205 1999 singularis·
1248 1915 1313 1980 Hic
1348 1917 1433 1978 enim
1469 1938 1560 1998 usus,
1591 1939 1666 1982 eum
1688 1938 1750 2003 pro

309 2016 481 2082 collectivo
504 2019 648 2103 positum
672 2019 714 2082 sit
735 2040 864 2099 nomen,
885 2040 979 2082 rarus
1007 2040 1072 2082 non
1104 2026 1164 2099 est,
1199 2017 1239 2081 et.
1275 2018 1337 2081 Eu.
1372 2019 1435 2084 998
1466 2010 1587 2099 χαίρετ’
1620 2013 1751 2090 ἀστικὸς

307 2115 396 2196 λεώς,
419 2121 473 2188 Pr.
496 2120 569 2202 831,
590 2121 654 2186 834
669 2121 703 2203 1),
726 2143 831 2206 neque
856 2131 905 2185 est
929 2121 1017 2207 quod
1040 2121 1242 2186 offendamus
1263 2122 1296 2184 in
1331 2142 1379 2188 eo.
1414 2119 1502 2207 quod
1538 2123 1749 2207 participium

307 2222 436 2309 plurale
459 2236 491 2288 et
513 2223 650 2289 verbum
674 2225 772 2288 duale
796 2226 968 2289 coniuncta
990 2234 1074 2306 sunt,
1105 2246 1202 2309 quem
1235 2245 1328 2286 usum
1369 2224 1551 2287 invenimus
1586 2245 1613 2286 e.
1637 2245 1669 2307 g.
1693 2223 1747 2287 Αἰ.

309 2327 391 2391 1169
413 2321 567 2405 πάρεισιν
589 2318 707 2408 ἀνδρὸς
728 2326 825 2389 τοῦδε
845 2333 922 2396 παῖς
943 2345 979 2388 τε
1000 2326 1051 2388 καὶ
1073 2323 1153 2408 γυνή
1172 2325 1177 2406 l
1196 2320 1299 2404 τάφον
1314 2323 1571 2406 περιστελοῦντε,
1603 2324 1656 2389 Al.
1683 2326 1748 2390 469

306 2428 444 2514 aliisque
466 2429 589 2509 locis2).

412 2549 560 2612 Nominis
582 2561 690 2614 autem
713 2544 807 2628 γόνος
827 2551 878 2613 vis
901 2548 1074 2614 collectiva
1096 2571 1160 2613 uno
1183 2557 1309 2612 tantum
1333 2548 1406 2613 loeo
1437 2557 1568 2612 servata
1592 2557 1651 2628 est,
1687 2547 1747 2613 Oh.

305 2649 369 2715 252
392 2643 475 2712 οὕτω
497 2649 533 2712 δὲ
554 2641 634 2731 κᾶμὲ
655 2650 751 2736 τήνδε
781 2643 816 2728 τ’,
836 2644 1018 2734 Ἠλέκτραν
1056 2651 1143 2730 λέγω,
1174 2647 1255 2713 ἰδεῖν
1285 2647 1427 2732 πάρεστί
1453 2668 1514 2730 σοι,
1543 2648 1760 2735 πατροστερῆ

306 2748 409 2834 γόνον,
430 2747 527 2833 α’ίμφω
550 2748 652 2833 φυγὴν
675 2751 784 2831 ἔχοντε
805 2751 864 2841 τήν
887 2749 985 2836 αὐτὴν
1008 2753 1125 2833 δόμων.
1170 2753 1294 2818 Versus
1318 2755 1405 2818 enim
1429 2753 1489 2817 Eu.
1515 2753 1586 2835 947,
1616 2754 1672 2818 ubi
1706 2752 1749 2816 de

306 2855 363 2935 eis,
387 2876 471 2939 qnae
494 2865 583 2919 terra
605 2857 678 2938 fert,
702 2858 825 2923 dictum
849 2869 898 2923 est
920 2854 1014 2937 γόνος
1037 2906 1045 2939 ,
1068 2861 1214 2936 graviter
1237 2867 1407 2940 corruptus
1432 2868 1490 2936 est,
1520 2859 1566 2921 ita
1596 2869 1633 2921 ut
1657 2869 1747 2922 certo

305 2956 451 3020 iudicare
474 2979 539 3021 non
562 2962 734 3044 possimus,
760 2982 865 3045 neque
887 2961 974 3024 bono
999 2970 1120 3023 eventu
1141 2959 1431 3024 Wilamowitzium
1458 2959 1643 3024 defendisse
1668 2969 1746 3046 puto

306 3058 456 3124 versibus
480 3059 541 3128 Oh.
566 3063 709 3144 naalooo

635 3165 687 3226 καὶ
708 3156 799 3248 τῆσδ’
821 3159 959 3227 ἄκουσον
981 3163 1128 3227 λοισθίου
1151 3165 1227 3248 βοῆς
1248 3163 1369 3246 πάτερ·

636 3262 714 3329 ἰδὼν
735 3259 886 3336 νεοσσοὺς
907 3259 1018 3328 τούσδ’
1041 3263 1215 3350 ἐφημένους
1237 3265 1327 3351 τάφῳ

638 3369 756 3453 οἴκτιρε
777 3370 883 3453 θῆλυν
903 3365 1038 3450 ἄρσενός
1058 3363 1175 3449 θ’όμοῦ
1199 3365 1293 3448 γόνον

306 3468 459 3536 traditum
483 3472 565 3537 illud
587 3467 682 3551 γόνον
704 3497 724 3538 a
746 3475 961 3558 Bambergeri
984 3477 1172 3540 coniectura
1195 3495 1278 3558 quae
1311 3481 1360 3536 est
1382 3467 1470 3551 γόον.
1514 3472 1749 3558 Discrepantia

307 3576 392 3638 enim
416 3585 500 3638 esset
523 3599 620 3661 quam
643 3580 795 3659 maxima,
819 3581 845 3641 si
868 3578 1001 3642 Electra
1025 3585 1134 3641 oraret
1156 3588 1295 3662 patrem,
1317 3587 1353 3640 ut
1373 3577 1583 3639 misereretur
1606 3577 1656 3638 sui
1678 3575 1697 3637 i.
1718 3595 1746 3637 e.

306 3676 393 3740 filiae
430 3689 464 3740 et
498 3682 595 3744 totins
625 3682 795 3766 progeniei
828 3681 898 3753 lilii¹
919 3683 968 3744 sui
1003 3679 1139 3759 Orestis,
1176 3702 1259 3764 quae
1295 3690 1342 3743 est
1374 3679 1534 3742 sententia
1568 3677 1747 3742 verborum

305 3779 508 3845 traditorum.
555 3781 729 3866 Singulare
753 3805 883 3870 quoque
906 3795 1003 3864 esset,
1026 3783 1051 3846 si
1075 3781 1191 3846 eodem
1213 3782 1343 3845 nomine
1365 3775 1456 3859 γόνος
1469 3782 1502 3843 in
1518 3779 1632 3844 eodem
1647 3800 1748 3841 versu

306 3891 339 3947 et
362 3880 430 3944 filia
453 3894 486 3946 et
508 3887 681 3969 progenies
704 3887 953 3968 significaretur.
998 3885 1161 3970 Denique,
1184 3883 1273 3970 quod
1295 3884 1524 3967 gravissimum
1556 3893 1612 3962 est,
1642 3878 1748 3961 θῆλυς

304 3983 397 4064 γόνος
419 3985 508 4073 apud
526 3988 729 4074 Aeschylum
751 3989 829 4054 nihil
851 4012 922 4054 esee
945 3998 1054 4072 potest
1075 3991 1137 4054 nisi
1161 4010 1263 4073 genus
1281 3988 1481 4068 femininum,
1503 3996 1539 4050 ut
1559 3987 1629 4071 ipse
1645 3982 1748 4048 Wila-

305 4089 487 4153 mowitzius
509 4089 672 4156 Herodoti
694 4091 808 4157 laudet
829 4093 910 4156 illud
933 4085 1030 4174 ἔρσην
1053 4090 1146 4169 γόνος
1168 4092 1209 4172 (6,
1233 4088 1318 4165 135).
1364 4092 1395 4151 Γ
1393 4084 1465 4156 όνος
1486 4090 1572 4152 enim
1594 4108 1655 4172 pro
1679 4085 1749 4149 filia

306 4188 348 4254 ab
371 4190 528 4278 Euripide
565 4192 696 4258 demum
729 4207 923 4282 usurpatum
958 4205 1017 4275 est,
1055 4217 1119 4280 quo
1154 4194 1193 4258 de
1228 4217 1290 4258 usu
1324 4215 1402 4257 mox
1436 4190 1603 4256 disseram.
1649 4189 1749 4255 Certa

306 4303 414 4358 autem
438 4306 625 4360 correctura
648 4293 723 4376 γόον
747 4311 806 4381 est,
830 4308 943 4363 contra
967 4320 1065 4382 quam
1082 4320 1167 4383 qnae
1182 4296 1454 4362 Wilamowitnius
1477 4293 1617 4380 protulit
1639 4293 1749 4356 locum

306 4403 418 4461 tenere
457 4419 521 4462 non
554 4413 709 4484 possuut3
753 4402 794 4465 de
828 4401 990 4468 vocabulo
1025 4395 1129 4484 ἅρσην
1162 4422 1223 4487 pro
1263 4398 1330 4462 filio
1365 4397 1453 4461 dicto
1486 4395 1590 4461 verba
1627 4395 1752 4459 faciam.

306 4499 371 4564 alio
395 4499 477 4565 loeo.

411 4723 432 4794 ¹)
451 4721 494 4779 cf.
514 4721 657 4792 Knehner‚
676 4722 824 4776 Ausftihrl.
844 4719 1022 4776 Grammatik
1041 4718 1091 4772 der
1110 4736 1151 4789 gr.
1170 4716 1296 4787 Sprache
1315 4716 1363 4769 ΙΙ8
1383 4719 1406 4786 1,
1424 4718 1466 4771 53.

411 4825 432 4896 ²)
452 4825 496 4879 cf.
514 4825 650 4880 Kuehncr
669 4827 687 4880 l.
706 4825 774 4885 l.]1
793 4831 817 4895 1,
835 4826 876 4882 73.
