3796 5518
877 412 1087 476 „32-

262 596 380 660 chorus
402 598 436 660 in
460 619 612 661 scaenam
634 597 818 681 procedens
840 591 908 677 ὥρα
936 598 1086 679 βαδίζειν,
1117 593 1157 670 ὥς
1178 593 1196 660 ὁ
1218 599 1319 682 κῆρυξ
1338 591 1454 682 α’ρτίοος
1477 596 1568 683 ἡμῶν
1589 621 1701 685 προσ-

260 695 377 762 τόπον
412 692 566 779 δεύτερον
598 693 791 778 κεκόκκογεν.
855 700 995 784 Insignis
1035 711 1083 765 cst
1115 701 1253 788 pluralis
1289 701 1344 766 ille
1379 703 1588 783 masculinus,
1625 726 1701 770 cum

260 803 432 868 mulierum
457 801 575 865 chorus
597 803 630 864 in
654 801 824 866 comoedia
853 811 910 866 aut
932 803 1112 867 masculino
1144 803 1301 886 singulari
1324 816 1380 870 aut
1403 806 1556 870 feminino
1581 806 1702 890 plurali

260 907 330 992 ipse
365 905 406 969 de
440 925 474 967 se
508 905 555 967 uti
586 902 690 968 soleat
720 926 827 989 neque
858 903 991 968 chorum
1021 907 1085 969 iam
1116 914 1184 968 tum
1215 908 1361 970 virorum
1390 918 1502 993 partes
1525 911 1700 994 sumpsisse

261 1018 405 1072 statuere
440 1007 546 1088 liceat,
582 1017 619 1070 ut
653 1018 793 1091 apparet
824 1029 864 1070 ex
896 1009 941 1070 eis
972 1029 1056 1092 quae
1087 1017 1277 1093 sequuntur.
1324 1008 1506 1076 Scholiasta
1534 1010 1597 1074 hoc
1627 1011 1705 1076 loco

259 1112 420 1195 tragicum
458 1109 550 1173 illum
583 1110 742 1194 pluralem
777 1132 837 1194 pro
877 1110 1035 1193 singulari
1063 1113 1205 1196 positum
1236 1112 1408 1193 agnovisse
1442 1113 1584 1194 videtur,
1625 1136 1700 1178 cum

263 1213 480 1297 explicaverit
502 1213 559 1289 μία
588 1209 651 1274 τῶν
681 1211 835 1290 γυναικῶν
857 1207 957 1274 ταῦτά
979 1230 1078 1295 φησιν
1135 1213 1197 1277 Ille
1221 1226 1332 1277 autem
1354 1236 1433 1278 usus
1456 1216 1611 1298 tragicus,
1635 1237 1706 1301 quo

262 1337 326 1380 uno
349 1315 485 1400 pluralis
500 1310 705 1395 προσιόντων
728 1315 886 1400 explicari
907 1327 1024 1400 posset,
1047 1315 1145 1399 plane
1170 1316 1345 1400 singularis
1369 1327 1455 1380 esset
1471 1320 1504 1379 in
1520 1318 1700 1400 comoedia,

262 1418 390 1502 quade
414 1439 523 1496 causa,
553 1419 630 1502 quin
662 1415 815 1501 Bentleyi
846 1427 1034 1481 correctura
1056 1416 1259 1498 προσιουσῶν
1281 1417 1470 1505 recipienda
1493 1422 1543 1501 sit,
1566 1441 1705 1504 prorsus-

260 1540 325 1583 non
349 1519 473 1584 dubito.

370 1621 581 1687 Comoediam
617 1623 717 1705 igitur
751 1624 900 1687 videmus
930 1623 1014 1687 hunc
1044 1647 1138 1688 usum
1160 1624 1332 1710 pluralem,
1366 1647 1463 1710 quem
1488 1623 1594 1688 adhuc
1617 1637 1701 1688 trac·

267 1727 347 1806 tavi,
370 1727 498 1789 omnino
524 1724 714 1810 repudiasse
738 1748 838 1789 causa
860 1725 917 1788 illa
939 1727 1017 1790 satis
1042 1728 1172 1808 cognita
1196 1737 1229 1790 et
1251 1729 1411 1813 exposita.

368 1829 487 1893 Adhuc
517 1830 569 1911 egi
599 1827 639 1892 de
671 1829 790 1913 plurali
821 1851 932 1892 eorum
963 1832 1140 1912 nominum,
1180 1853 1265 1916 quae
1297 1831 1500 1915 potissimum
1528 1830 1700 1894 tractanda

262 1930 337 1992 mihi
362 1930 456 2013 elegi.
500 1929 546 1994 Ut
570 1940 679 1994 autem
701 1934 797 1996 totius
819 1931 907 1996 illius
930 1955 1008 1996 usus
1029 1935 1204 2017 imaginem
1228 1934 1457 1998 adumbratam
1480 1930 1597 1994 saltem
1626 1941 1700 1994 ante

262 2032 374 2098 oculos
411 2055 529 2117 ponam
564 2044 595 2095 et
629 2046 817 2118 propterea,
849 2033 937 2120 quod
969 2036 1055 2100 int'ra
1088 2035 1152 2100 alia
1184 2038 1314 2099 nomina
1346 2037 1500 2100 tractanti
1523 2055 1635 2097 rursus
1657 2034 1699 2099 de

261 2135 380 2220 plurali
412 2134 585 2221 dicendum
616 2136 691 2198 mihi
723 2140 793 2217 erit,
821 2137 883 2201 hoc
913 2137 996 2218 loco,
1027 2140 1059 2201 in
1084 2139 1205 2223 quibus
1236 2140 1352 2202 ceteris
1375 2139 1516 2201 maxime
1540 2147 1700 2222 appareat

261 2237 409 2322 pluraliS,
438 2239 588 2323 proferre
619 2239 696 2303 mihi
726 2238 834 2306 liceat.
879 2239 983 2304 Usum
1013 2242 1097 2304 enim
1127 2241 1219 2304 illum
1242 2240 1426 2305 nominibus
1450 2262 1534 2325 quae
1559 2240 1702 2303 tractavi

262 2350 450 2405 contentum
470 2363 533 2403 non
555 2342 656 2405 fuisse
681 2343 737 2406 vix
760 2353 810 2406 est
833 2341 921 2428 quod
944 2342 1050 2407 dicam
1061 2344 1093 2423 ¹).

368 2443 417 2506 Ac
458 2447 599 2528 primum
642 2444 773 2529 quidem
811 2445 919 2509 locum
958 2446 1127 2510 obtineant
1164 2468 1203 2510 ea
1240 2446 1379 2528 nomina,
1418 2468 1502 2531 quae
1536 2446 1715 2509 abstracto.

261 2545 387 2609 verbali
425 2545 610 2630 significatu
643 2546 796 2631 praedita
826 2560 911 2629 sunt,
944 2551 1069 2633 primae
1104 2560 1134 2613 et
1168 2547 1341 2624 secundae,
1373 2570 1551 2633 numquam
1584 2548 1699 2610 tertiae

262 2646 497 2728 declinationis,
521 2651 576 2733 qui
599 2672 676 2713 usus
700 2650 940 2714 abstractorum
970 2651 1046 2714 inde
1078 2652 1119 2716 ab
1144 2652 1278 2715 Homeri
1303 2660 1410 2714 aetate
1434 2651 1589 2735 frequens
1613 2648 1699 2727 eset).

262 2749 368 2812 Huius
390 2753 520 2830 generis
543 2750 682 2834 legimus
705 2753 794 2837 apud
807 2751 1019 2837 Aeschylum,
1042 2763 1078 2815 ut
1100 2775 1207 2836 pauca
1231 2761 1356 2816 tantum
1380 2753 1514 2817 afferam
1539 2751 1701 2836 exempla,

261 2851 325 2934 Ag.
347 2852 409 2914 412
432 2846 548 2936 ᾔσχυνε
570 2853 674 2923 ξενίαν
696 2851 858 2934 τράπεζαν
879 2855 1031 2916 κλοπαῖσι
1052 2853 1204 2935 γυναικός,
1227 2856 1291 2939 Ag.
1316 2854 1380 2919 454
1401 2847 1459 2916 τὸν
1481 2845 1512 2916 δ’
1540 2849 1574 2916 ἐν
1590 2859 1704 2934 φοναῖς

261 2953 361 3024 καλῶς
382 2950 544 3037 πεσόντας
569 2956 657 3040 apud
680 2955 877 3039 Sophoclem
902 2959 1022 3036 σφαγαί
1042 2956 1093 3020 El.
1118 2958 1191 3038 568,
1213 2958 1397 3038 διαφθοραί
1416 2955 1488 3022 OT.
1511 2957 1589 3034 5733
1612 2955 1702 3041 apud

261 3057 454 3143 Euripidem
470 3052 605 3134 ἐσδοχαί
616 3058 668 3123 ΕΙ.
685 3060 758 3140 396,
774 3060 912 3139 μαλακαί
932 3060 1013 3125 Hec.
1036 3061 1092 3139 823
1117 3060 1252 3124 alterius
1270 3060 1497 3124 declinationis
1512 3058 1699 3144 Aeschylea

262 3169 337 3224 sunt
371 3159 434 3244 Ag.
473 3161 534 3226 123
568 3161 725 3243 βλαβέντα
760 3162 915 3224 λοισθίων
948 3159 1086 3246 δρόμων,
1122 3165 1185 3246 Ag.
1223 3165 1287 3227 824
1321 3162 1416 3244 φίλον
1437 3158 1494 3224 τὸν
1517 3151 1706 3238 εὐτυχοῦντ’Ι

261 3257 340 3325 ἄνευ
369 3260 506 3343 φθόνον
536 3267 656 3347 capsam
691 3264 874 3351 Sophoclea
896 3268 1050 3346 aopdpot‘
1081 3265 1136 3329 Tr.
1160 3268 1233 3345 571,
1264 3261 1369 3328 πόθοι
1403 3263 1470 3332 OC.
1494 3265 1571 3345 3333
1603 3264 1699 3327 Euri-

261 3364 359 3451 pidea
382 3357 479 3428 οἶκτοι
500 3367 551 3432 El.
577 3367 670 3449 1330,
689 3369 833 3448 δρασμοί
852 3367 923 3433 HF.
950 3370 1035 3432 1010
1058 3368 1187 3453 aliaque
1210 3369 1385 3454 permulta.

370 3467 497 3531 Horum
520 3479 629 3533 autem
654 3472 794 3534 omnium
819 3471 906 3555 quod
929 3492 992 3533 non
1018 3473 1122 3534 minus
1146 3471 1320 3552 singularis
1343 3491 1440 3555 quam
1456 3467 1594 3555 pluralis
1609 3489 1707 3532 usur·

261 3568 413 3656 pabatur,
445 3593 483 3634 ea
514 3594 549 3635 re
580 3573 669 3638 clare
701 3583 799 3659 atque
834 3574 1004 3638 evidenter
1041 3573 1224 3638 ostenditur
1259 3573 1399 3638 alterum
1435 3593 1607 3636 numerum
1640 3591 1702 3653 pro

262 3671 365 3737 altero
390 3684 519 3738 exstare
543 3674 727 3760 significatu
750 3699 814 3740 non
847 3675 987 3742 diverso
1032 3676 1296 3760 Bragmannust)
1327 3675 1460 3760 quidem
1492 3685 1524 3736 et
1554 3672 1703 3736 similiter

261 3772 492 3856 Kuehnerus⁴)
520 3777 607 3842 hunc
643 3779 804 3865 pluralem
837 3780 883 3842 ita
915 3777 1173 3863 intellegendum
1207 3800 1276 3842 esse
1311 3775 1431 3857 dicunt,
1467 3785 1502 3840 ut
1538 3774 1701 3860 significet

262 3879 384 3962 gradus
419 3879 474 3943 vel
512 3883 637 3965 species
675 3882 860 3967 complures
899 3883 1034 3946 actionis
1072 3881 1220 3946 alicuius.
1295 3880 1339 3944 Et
1374 3878 1523 3964 profecto
1567 3887 1698 3940 exstant

262 3981 437 4068 exempla,
467 3983 586 4066 quibus
632 4005 670 4048 ea
715 3984 889 4069 explicatio
933 3985 1066 4064 nitatur,
1095 3982 1187 4048 velut
1223 3983 1284 4049 Eu.
1316 3982 1406 4050 aaa?
1443 3972 1502 4058 ἐγώ
1535 3977 1702 4054 διδαχθεὶς

262 4077 297 4144 ἐν
325 4090 434 4153 κακοῖς
473 4081 648 4165 ἐπίσταμαι
686 4079 821 4154 πολλοὺς
849 4082 1045 4169 καθαρμούς,
1095 4086 1174 4152 Eur.
1226 4085 1281 4150 Su.
1320 4084 1383 4150 550
1433 4071 1636 4160 παλαίσμαθ’
1670 4073 1702 4164 ἡ·

261 4183 329 4263 μῶν
374 4178 391 4247 ὁ
436 4190 515 4268 βίος,
562 4187 670 4268 alia⁵),
715 4188 773 4252 sed
814 4188 893 4254 talia
936 4211 1002 4253 non
1050 4199 1125 4253 sunt
1175 4188 1359 4274 frequentia
1406 4207 1512 4270 neque
1572 4182 1701 4246 omnino

262 4287 324 4351 hoc
369 4288 441 4352 loco
487 4290 670 4374 tractanda,
715 4294 837 4379 quippo
881 4314 967 4377 quae
1011 4292 1153 4377 pluralia
1190 4313 1250 4376 pro
1288 4287 1506 4375 singularibus
1543 4294 1706 4370 usurpata

301 4511 304 4518 -
370 4474 391 4543 ¹)
410 4474 453 4532 Cf,
472 4474 608 4528 Kuehner·
627 4475 645 4530 l.
664 4475 673 4528 l
701 4474 730 4528 Π
750 4474 1062 4545 1,15;Brugmannl.
1081 4473 1100 4528 l.
1118 4491 1145 4543 p.
1164 4473 1226 4527 369.

370 4565 393 4627 ⁹)
412 4561 455 4618 cf.
474 4561 541 4615 Juhl
562 4561 606 4614 Do
624 4561 733 4614 numeri
751 4561 869 4632 pluralis
889 4579 941 4614 usu
960 4558 1318 4629 HomericO,Halis1879.

368 4648 390 4721 3)
408 4647 426 4704 l.
445 4648 501 4717 l.p
527 4649 587 4702 370.

369 4734 391 4807 ⁴)
409 4735 428 4790 l.
446 4735 465 4788 l.
484 4733 520 4793 lI.
539 4735 564 4802 1,
582 4736 625 4790 16.

369 4823 391 4896 ⁶)
409 4822 517 4879 Similia
536 4823 671 4877 tractavit
689 4822 888 4875 Kummererus
907 4822 926 4880 l.
946 4822 965 4874 l.
