<?xml version="1.0" encoding="UTF-8"?>
<!DOCTYPE html PUBLIC "-//W3C//DTD XHTML 1.0 Transitional//EN"
    "http://www.w3.org/TR/xhtml1/DTD/xhtml1-transitional.dtd">
<html xmlns="http://www.w3.org/1999/xhtml" xml:lang="en" lang="en">
 <head>
  <title>
</title>
<meta http-equiv="Content-Type" content="text/html;charset=utf-8" />
  <meta name='ocr-system' content='tesseract 3.04.00' />
  <meta name='ocr-capabilities' content='ocr_page ocr_carea ocr_par ocr_line ocrx_word'/>
</head>
<body>
  <div class='ocr_page' id='page_1' title='image "./depoetarumscaen00menggoog_0052.png"; bbox 0 0 3796 5518; ppageno 0'>
   <div class='ocr_carea' id='block_1_1' title="bbox 832 436 1043 501">
    <p class='ocr_par' dir='ltr' id='par_1_1' title="bbox 832 436 1043 501">
     <span class='ocr_line' id='line_1_1' title="bbox 832 436 1043 501; baseline -0.005 -20"><span class='ocrx_word' id='word_1_1' title='bbox 832 436 1043 501; x_wconf 74' lang='lat'>..47-</span> 
     </span>
    </p>
   </div>
   <div class='ocr_carea' id='block_1_2' title="bbox 130 616 1700 1737">
    <p class='ocr_par' dir='ltr' id='par_1_2' title="bbox 130 616 1700 1737">
     <span class='ocr_line' id='line_1_2' title="bbox 219 616 1659 710; baseline 0.001 -24"><span class='ocrx_word' id='word_1_2' title='bbox 219 644 290 687; x_wconf 86' lang='lat' dir='ltr'>esse</span> <span class='ocrx_word' id='word_1_3' title='bbox 315 644 415 709; x_wconf 87' lang='lat' dir='ltr'>supra</span> <span class='ocrx_word' id='word_1_4' title='bbox 438 623 524 704; x_wconf 80' lang='lat' dir='ltr'>dixi3</span> <span class='ocrx_word' id='word_1_5' title='bbox 545 643 563 684; x_wconf 93' lang='lat' dir='ltr'>e</span> <span class='ocrx_word' id='word_1_6' title='bbox 585 622 776 706; x_wconf 77' lang='lat' dir='ltr'>tragoediae</span> <span class='ocrx_word' id='word_1_7' title='bbox 799 621 968 688; x_wconf 89' lang='lat' dir='ltr'>vocabulis</span> <span class='ocrx_word' id='word_1_8' title='bbox 990 616 1150 703; x_wconf 84' lang='grc' dir='ltr'><strong>ναραγμός</strong></span> <span class='ocrx_word' id='word_1_9' title='bbox 1178 622 1237 691; x_wconf 84' lang='lat' dir='ltr'>Oh.</span> <span class='ocrx_word' id='word_1_10' title='bbox 1271 623 1353 690; x_wconf 99' lang='grc'><strong>1054</strong></span> <span class='ocrx_word' id='word_1_11' title='bbox 1383 633 1417 690; x_wconf 89' lang='lat' dir='ltr'>et</span> <span class='ocrx_word' id='word_1_12' title='bbox 1447 633 1659 710; x_wconf 83' lang='lat' dir='ltr'>paratragoe-</span> 
     </span>
     <span class='ocr_line' id='line_1_3' title="bbox 130 721 1700 813; baseline -0.002 -24"><span class='ocrx_word' id='word_1_13' title='bbox 130 738 133 743; x_wconf 88' lang='grc'><strong>’</strong></span> <span class='ocrx_word' id='word_1_14' title='bbox 216 724 327 790; x_wconf 91' lang='lat' dir='ltr'>dicum</span> <span class='ocrx_word' id='word_1_15' title='bbox 349 724 433 790; x_wconf 92' lang='lat' dir='ltr'>illud</span> <span class='ocrx_word' id='word_1_16' title='bbox 454 721 586 805; x_wconf 80' lang='grc' dir='ltr'><strong><em>τάραξις</em></strong></span> <span class='ocrx_word' id='word_1_17' title='bbox 608 724 670 792; x_wconf 88' lang='lat' dir='ltr'>Th.</span> <span class='ocrx_word' id='word_1_18' title='bbox 695 725 754 790; x_wconf 78' lang='lat'>137</span> <span class='ocrx_word' id='word_1_19' title='bbox 783 747 974 813; x_wconf 85' lang='lat' dir='ltr'>comparare</span> <span class='ocrx_word' id='word_1_20' title='bbox 1011 725 1098 791; x_wconf 86' lang='lat' dir='ltr'>licet.</span> <span class='ocrx_word' id='word_1_21' title='bbox 1143 725 1323 792; x_wconf 81' lang='lat' dir='ltr'>Comoedia</span> <span class='ocrx_word' id='word_1_22' title='bbox 1355 739 1465 794; x_wconf 91' lang='lat' dir='ltr'>autem</span> <span class='ocrx_word' id='word_1_23' title='bbox 1502 727 1658 792; x_wconf 86' lang='lat' dir='ltr'>suffixum</span> <span class='ocrx_word' id='word_1_24' title='bbox 1674 771 1700 786; x_wconf 82' lang='grc'>..</span> 
     </span>
     <span class='ocr_line' id='line_1_4' title="bbox 215 822 1659 913; baseline 0.004 -25"><span class='ocrx_word' id='word_1_25' title='bbox 215 843 267 896; x_wconf 87' lang='grc' dir='ltr'>σις</span> <span class='ocrx_word' id='word_1_26' title='bbox 289 829 470 913; x_wconf 86' lang='lat' dir='ltr'>usurpavit,</span> <span class='ocrx_word' id='word_1_27' title='bbox 494 826 550 891; x_wconf 91' lang='lat' dir='ltr'>ubi</span> <span class='ocrx_word' id='word_1_28' title='bbox 573 825 745 912; x_wconf 83' lang='lat' dir='ltr'>tragoedia</span> <span class='ocrx_word' id='word_1_29' title='bbox 764 848 823 907; x_wconf 88' lang='grc' dir='ltr'>μος</span> <span class='ocrx_word' id='word_1_30' title='bbox 844 849 905 893; x_wconf 89' lang='lat' dir='ltr'>usa</span> <span class='ocrx_word' id='word_1_31' title='bbox 929 838 987 911; x_wconf 89' lang='lat' dir='ltr'>est,</span> <span class='ocrx_word' id='word_1_32' title='bbox 1010 828 1120 913; x_wconf 87' lang='lat' dir='ltr'>semel,</span> <span class='ocrx_word' id='word_1_33' title='bbox 1145 822 1277 900; x_wconf 79' lang='grc' dir='ltr'><strong><em>ὅπλισις</em></strong></span> <span class='ocrx_word' id='word_1_34' title='bbox 1299 830 1359 895; x_wconf 88' lang='lat' dir='ltr'>Ra.</span> <span class='ocrx_word' id='word_1_35' title='bbox 1384 831 1477 912; x_wconf 86' lang='grc'><strong>1036,</strong></span> <span class='ocrx_word' id='word_1_36' title='bbox 1502 825 1659 911; x_wconf 82' lang='grc' dir='ltr'><strong>ὅπλισμός</strong></span> 
     </span>
     <span class='ocr_line' id='line_1_5' title="bbox 216 930 1255 1014; baseline -0.006 -20"><span class='ocrx_word' id='word_1_37' title='bbox 216 930 280 1014; x_wconf 94' lang='lat' dir='ltr'>Ag.</span> <span class='ocrx_word' id='word_1_38' title='bbox 302 931 376 998; x_wconf 85' lang='lat'>414.</span> <span class='ocrx_word' id='word_1_39' title='bbox 1072 943 1074 948; x_wconf 85' lang='grc'><em>·</em></span> <span class='ocrx_word' id='word_1_40' title='bbox 1253 985 1255 988; x_wconf 86' lang='grc'>.</span> 
     </span>
     <span class='ocr_line' id='line_1_6' title="bbox 324 1033 1660 1124; baseline 0.001 -26"><span class='ocrx_word' id='word_1_41' title='bbox 324 1033 371 1098; x_wconf 92' lang='lat' dir='ltr'>Ut</span> <span class='ocrx_word' id='word_1_42' title='bbox 393 1034 536 1099; x_wconf 89' lang='lat' dir='ltr'>numeris</span> <span class='ocrx_word' id='word_1_43' title='bbox 558 1033 755 1098; x_wconf 82' lang='lat' dir='ltr'>illustrarem</span> <span class='ocrx_word' id='word_1_44' title='bbox 777 1055 872 1098; x_wconf 89' lang='lat' dir='ltr'>usum</span> <span class='ocrx_word' id='word_1_45' title='bbox 895 1037 1061 1124; x_wconf 87' lang='lat' dir='ltr'>nominum</span> <span class='ocrx_word' id='word_1_46' title='bbox 1085 1057 1169 1120; x_wconf 89' lang='lat' dir='ltr'>quae</span> <span class='ocrx_word' id='word_1_47' title='bbox 1203 1035 1344 1100; x_wconf 76' lang='lat' dir='ltr'>tractavi</span> <span class='ocrx_word' id='word_1_48' title='bbox 1376 1035 1410 1097; x_wconf 89' lang='lat' dir='ltr'>in</span> <span class='ocrx_word' id='word_1_49' title='bbox 1432 1035 1604 1118; x_wconf 81' lang='lat' dir='ltr'>tragoedia</span> <span class='ocrx_word' id='word_1_50' title='bbox 1627 1044 1660 1099; x_wconf 89' lang='lat' dir='ltr'>et</span> 
     </span>
     <span class='ocr_line' id='line_1_7' title="bbox 215 1127 1659 1224; baseline -0.001 -23"><span class='ocrx_word' id='word_1_51' title='bbox 215 1135 388 1201; x_wconf 77' lang='lat' dir='ltr'>comoedia</span> <span class='ocrx_word' id='word_1_52' title='bbox 411 1134 586 1217; x_wconf 85' lang='lat' dir='ltr'>diversum,</span> <span class='ocrx_word' id='word_1_53' title='bbox 608 1135 692 1199; x_wconf 89' lang='lat' dir='ltr'>hanc</span> <span class='ocrx_word' id='word_1_54' title='bbox 713 1127 858 1200; x_wconf 90' lang='lat' dir='ltr'>tabulam</span> <span class='ocrx_word' id='word_1_55' title='bbox 882 1134 1002 1218; x_wconf 90' lang='lat' dir='ltr'>addidi,</span> <span class='ocrx_word' id='word_1_56' title='bbox 1026 1159 1091 1223; x_wconf 89' lang='lat' dir='ltr'>qua</span> <span class='ocrx_word' id='word_1_57' title='bbox 1114 1139 1282 1224; x_wconf 89' lang='lat' dir='ltr'>composui</span> <span class='ocrx_word' id='word_1_58' title='bbox 1302 1138 1467 1202; x_wconf 86' lang='lat' dir='ltr'>nominum</span> <span class='ocrx_word' id='word_1_59' title='bbox 1491 1159 1659 1218; x_wconf 88' lang='lat' dir='ltr'>summam,</span> 
     </span>
     <span class='ocr_line' id='line_1_8' title="bbox 145 1237 1658 1323; baseline 0.001 -21"><span class='ocrx_word' id='word_1_60' title='bbox 145 1295 148 1302; x_wconf 91' lang='lat'>.</span> <span class='ocrx_word' id='word_1_61' title='bbox 217 1238 352 1322; x_wconf 89' lang='lat' dir='ltr'>singulis</span> <span class='ocrx_word' id='word_1_62' title='bbox 363 1255 473 1302; x_wconf 88' lang='lat' dir='ltr'>tamen</span> <span class='ocrx_word' id='word_1_63' title='bbox 489 1237 590 1302; x_wconf 89' lang='lat' dir='ltr'>semel</span> <span class='ocrx_word' id='word_1_64' title='bbox 601 1247 727 1303; x_wconf 88' lang='lat' dir='ltr'>tantum</span> <span class='ocrx_word' id='word_1_65' title='bbox 742 1240 931 1306; x_wconf 89' lang='lat' dir='ltr'>numeratis.</span> <span class='ocrx_word' id='word_1_66' title='bbox 954 1239 1005 1303; x_wconf 91' lang='lat' dir='ltr'>Ne</span> <span class='ocrx_word' id='word_1_67' title='bbox 1017 1251 1126 1304; x_wconf 87' lang='lat' dir='ltr'>autem</span> <span class='ocrx_word' id='word_1_68' title='bbox 1143 1262 1183 1304; x_wconf 90' lang='lat' dir='ltr'>ea</span> <span class='ocrx_word' id='word_1_69' title='bbox 1195 1241 1277 1304; x_wconf 84' lang='lat' dir='ltr'>falso</span> <span class='ocrx_word' id='word_1_70' title='bbox 1289 1239 1506 1323; x_wconf 84' lang='lat' dir='ltr'>intellegatur,</span> <span class='ocrx_word' id='word_1_71' title='bbox 1528 1261 1658 1304; x_wconf 89' lang='lat' dir='ltr'>monen-</span> 
     </span>
     <span class='ocr_line' id='line_1_9' title="bbox 216 1339 1660 1429; baseline 0.001 -25"><span class='ocrx_word' id='word_1_72' title='bbox 216 1339 297 1406; x_wconf 92' lang='lat' dir='ltr'>dum</span> <span class='ocrx_word' id='word_1_73' title='bbox 322 1351 372 1406; x_wconf 84' lang='lat' dir='ltr'>est</span> <span class='ocrx_word' id='word_1_74' title='bbox 394 1363 446 1405; x_wconf 92' lang='lat' dir='ltr'>me</span> <span class='ocrx_word' id='word_1_75' title='bbox 471 1362 510 1405; x_wconf 88' lang='lat' dir='ltr'>ea</span> <span class='ocrx_word' id='word_1_76' title='bbox 532 1341 673 1421; x_wconf 87' lang='lat' dir='ltr'>nomina,</span> <span class='ocrx_word' id='word_1_77' title='bbox 696 1362 780 1425; x_wconf 88' lang='lat' dir='ltr'>quae</span> <span class='ocrx_word' id='word_1_78' title='bbox 812 1341 901 1425; x_wconf 89' lang='lat' dir='ltr'>apud</span> <span class='ocrx_word' id='word_1_79' title='bbox 924 1341 1180 1429; x_wconf 87' lang='lat' dir='ltr'>Aristophanem</span> <span class='ocrx_word' id='word_1_80' title='bbox 1209 1343 1364 1426; x_wconf 85' lang='lat' dir='ltr'>leguntur</span> <span class='ocrx_word' id='word_1_81' title='bbox 1397 1343 1430 1404; x_wconf 92' lang='lat' dir='ltr'>in</span> <span class='ocrx_word' id='word_1_82' title='bbox 1466 1360 1521 1423; x_wconf 88' lang='grc' dir='ltr'>μα,</span> <span class='ocrx_word' id='word_1_83' title='bbox 1551 1342 1660 1406; x_wconf 90' lang='lat' dir='ltr'>omnia</span> 
     </span>
     <span class='ocr_line' id='line_1_10' title="bbox 218 1443 1658 1530; baseline 0 -22"><span class='ocrx_word' id='word_1_84' title='bbox 218 1446 431 1526; x_wconf 88' lang='lat' dir='ltr'>congessisse,</span> <span class='ocrx_word' id='word_1_85' title='bbox 464 1455 497 1506; x_wconf 89' lang='lat' dir='ltr'>et</span> <span class='ocrx_word' id='word_1_86' title='bbox 528 1444 629 1529; x_wconf 90' lang='lat' dir='ltr'>ipsius</span> <span class='ocrx_word' id='word_1_87' title='bbox 663 1443 834 1524; x_wconf 75' lang='lat' dir='ltr'>etaltera,</span> <span class='ocrx_word' id='word_1_88' title='bbox 870 1465 943 1508; x_wconf 90' lang='lat' dir='ltr'>cum</span> <span class='ocrx_word' id='word_1_89' title='bbox 973 1452 1097 1510; x_wconf 90' lang='lat' dir='ltr'>certam</span> <span class='ocrx_word' id='word_1_90' title='bbox 1132 1447 1262 1510; x_wconf 90' lang='lat' dir='ltr'>omnino</span> <span class='ocrx_word' id='word_1_91' title='bbox 1301 1443 1550 1520; x_wconf 85' lang='lat' dir='ltr'>distinctionem,</span> <span class='ocrx_word' id='word_1_92' title='bbox 1575 1466 1658 1530; x_wconf 90' lang='lat' dir='ltr'>quae</span> 
     </span>
     <span class='ocr_line' id='line_1_11' title="bbox 214 1544 1659 1631; baseline -0.001 -20"><span class='ocrx_word' id='word_1_93' title='bbox 214 1548 344 1612; x_wconf 89' lang='lat' dir='ltr'>comico</span> <span class='ocrx_word' id='word_1_94' title='bbox 362 1544 553 1630; x_wconf 88' lang='lat' dir='ltr'>abroganda</span> <span class='ocrx_word' id='word_1_95' title='bbox 577 1566 728 1631; x_wconf 87' lang='lat' dir='ltr'>quaeque</span> <span class='ocrx_word' id='word_1_96' title='bbox 751 1545 961 1610; x_wconf 88' lang='lat' dir='ltr'>attribuenda</span> <span class='ocrx_word' id='word_1_97' title='bbox 985 1559 1103 1629; x_wconf 87' lang='lat' dir='ltr'>essent,</span> <span class='ocrx_word' id='word_1_98' title='bbox 1118 1549 1229 1613; x_wconf 88' lang='lat' dir='ltr'>facere</span> <span class='ocrx_word' id='word_1_99' title='bbox 1253 1569 1350 1612; x_wconf 88' lang='lat' dir='ltr'>ausus</span> <span class='ocrx_word' id='word_1_100' title='bbox 1372 1569 1436 1612; x_wconf 88' lang='lat' dir='ltr'>non</span> <span class='ocrx_word' id='word_1_101' title='bbox 1460 1549 1528 1612; x_wconf 91' lang='lat' dir='ltr'>sim.</span> <span class='ocrx_word' id='word_1_102' title='bbox 1562 1544 1659 1611; x_wconf 84' lang='lat' dir='ltr'>Circa</span> 
     </span>
     <span class='ocr_line' id='line_1_12' title="bbox 217 1647 1094 1737; baseline 0.006 -26"><span class='ocrx_word' id='word_1_103' title='bbox 217 1650 361 1733; x_wconf 82' lang='lat' dir='ltr'>triginta,</span> <span class='ocrx_word' id='word_1_104' title='bbox 385 1647 493 1730; x_wconf 88' lang='lat' dir='ltr'>credo,</span> <span class='ocrx_word' id='word_1_105' title='bbox 517 1648 589 1713; x_wconf 89' lang='lat' dir='ltr'>aliis</span> <span class='ocrx_word' id='word_1_106' title='bbox 612 1652 826 1737; x_wconf 85' lang='lat' dir='ltr'>scriptoribus</span> <span class='ocrx_word' id='word_1_107' title='bbox 849 1651 964 1716; x_wconf 85' lang='lat' dir='ltr'>debuit-</span> <span class='ocrx_word' id='word_1_108' title='bbox 986 1658 1094 1735; x_wconf 88' lang='lat' dir='ltr'>poeta.</span> 
     </span>
    </p>
   </div>
   <div class='ocr_carea' id='block_1_3' title="bbox 547 1803 1282 2192">
    <p class='ocr_par' dir='ltr' id='par_1_3' title="bbox 547 1803 1282 2192">
     <span class='ocr_line' id='line_1_13' title="bbox 682 1803 1282 1891; baseline -0.002 -21"><span class='ocrx_word' id='word_1_109' title='bbox 682 1805 801 1872; x_wconf 88' lang='lat' dir='ltr'>Aesch.</span> <span class='ocrx_word' id='word_1_110' title='bbox 870 1803 970 1891; x_wconf 87' lang='lat' dir='ltr'>Soph.</span> <span class='ocrx_word' id='word_1_111' title='bbox 1036 1805 1114 1870; x_wconf 83' lang='lat' dir='ltr'>Eur.</span> <span class='ocrx_word' id='word_1_112' title='bbox 1182 1805 1282 1870; x_wconf 90' lang='lat' dir='ltr'>Arist.</span> 
     </span>
     <span class='ocr_line' id='line_1_14' title="bbox 549 1908 1254 1986; baseline 0.003 -18"><span class='ocrx_word' id='word_1_113' title='bbox 549 1924 610 1986; x_wconf 79' lang='grc' dir='ltr'><strong>σις.</strong></span> <span class='ocrx_word' id='word_1_114' title='bbox 748 1909 766 1972; x_wconf 77' lang='grc'>7</span> <span class='ocrx_word' id='word_1_115' title='bbox 900 1909 942 1972; x_wconf 98' lang='grc'>22</span> <span class='ocrx_word' id='word_1_116' title='bbox 1061 1909 1102 1972; x_wconf 95' lang='grc'>22</span> <span class='ocrx_word' id='word_1_117' title='bbox 1213 1908 1254 1973; x_wconf 93' lang='grc'>14</span> 
     </span>
     <span class='ocr_line' id='line_1_15' title="bbox 547 2010 1250 2089; baseline 0.007 -18"><span class='ocrx_word' id='word_1_118' title='bbox 547 2029 608 2089; x_wconf 87' lang='grc' dir='ltr'>μσς</span> <span class='ocrx_word' id='word_1_119' title='bbox 727 2010 768 2075; x_wconf 87' lang='grc'>18</span> <span class='ocrx_word' id='word_1_120' title='bbox 921 2011 941 2074; x_wconf 87' lang='grc'><strong>6</strong></span> <span class='ocrx_word' id='word_1_121' title='bbox 1059 2011 1103 2074; x_wconf 89' lang='grc'>20</span> <span class='ocrx_word' id='word_1_122' title='bbox 1213 2013 1250 2076; x_wconf 73' lang='lat' dir='ltr'>l&#39;l</span> 
     </span>
     <span class='ocr_line' id='line_1_16' title="bbox 548 2112 1253 2192; baseline 0.006 -18"><span class='ocrx_word' id='word_1_123' title='bbox 548 2133 595 2192; x_wconf 89' lang='grc' dir='ltr'>μα</span> <span class='ocrx_word' id='word_1_124' title='bbox 707 2115 769 2178; x_wconf 87' lang='grc'>120</span> <span class='ocrx_word' id='word_1_125' title='bbox 898 2113 942 2179; x_wconf 84' lang='grc'>94</span> <span class='ocrx_word' id='word_1_126' title='bbox 1038 2112 1103 2178; x_wconf 88' lang='grc'>205</span> <span class='ocrx_word' id='word_1_127' title='bbox 1210 2113 1253 2178; x_wconf 88' lang='grc'>85</span> 
     </span>
    </p>
   </div>
   <div class='ocr_carea' id='block_1_4' title="bbox 216 2281 1661 2679">
    <p class='ocr_par' dir='ltr' id='par_1_4' title="bbox 216 2281 1661 2679">
     <span class='ocr_line' id='line_1_17' title="bbox 324 2281 1661 2368; baseline -0.004 -19"><span class='ocrx_word' id='word_1_128' title='bbox 324 2284 418 2349; x_wconf 82' lang='grc' dir='ltr'><strong>Ηαοο</strong></span> <span class='ocrx_word' id='word_1_129' title='bbox 442 2285 592 2368; x_wconf 91' lang='lat' dir='ltr'>quamvis</span> <span class='ocrx_word' id='word_1_130' title='bbox 623 2304 730 2367; x_wconf 90' lang='lat' dir='ltr'>pauca</span> <span class='ocrx_word' id='word_1_131' title='bbox 764 2283 852 2346; x_wconf 88' lang='lat' dir='ltr'>dicta</span> <span class='ocrx_word' id='word_1_132' title='bbox 886 2285 964 2346; x_wconf 89' lang='lat' dir='ltr'>satis</span> <span class='ocrx_word' id='word_1_133' title='bbox 1001 2281 1118 2363; x_wconf 83' lang='lat' dir='ltr'>habeo,</span> <span class='ocrx_word' id='word_1_134' title='bbox 1154 2281 1273 2368; x_wconf 89' lang='lat' dir='ltr'>quibus</span> <span class='ocrx_word' id='word_1_135' title='bbox 1308 2281 1508 2366; x_wconf 87' lang='lat' dir='ltr'>praebeatur</span> <span class='ocrx_word' id='word_1_136' title='bbox 1541 2281 1661 2366; x_wconf 88' lang='lat' dir='ltr'>imago,</span> 
     </span>
     <span class='ocr_line' id='line_1_18' title="bbox 216 2382 1661 2470; baseline -0.004 -18"><span class='ocrx_word' id='word_1_137' title='bbox 216 2389 310 2453; x_wconf 90' lang='lat' dir='ltr'>cuius</span> <span class='ocrx_word' id='word_1_138' title='bbox 327 2386 416 2453; x_wconf 90' lang='lat' dir='ltr'>modi</span> <span class='ocrx_word' id='word_1_139' title='bbox 432 2386 663 2452; x_wconf 85' lang='lat' dir='ltr'>formationum</span> <span class='ocrx_word' id='word_1_140' title='bbox 678 2385 809 2450; x_wconf 89' lang='lat' dir='ltr'>nomina</span> <span class='ocrx_word' id='word_1_141' title='bbox 827 2385 917 2469; x_wconf 88' lang='lat' dir='ltr'>apud</span> <span class='ocrx_word' id='word_1_142' title='bbox 933 2386 1075 2470; x_wconf 89' lang='lat' dir='ltr'>tragicos</span> <span class='ocrx_word' id='word_1_143' title='bbox 1099 2394 1129 2449; x_wconf 91' lang='lat' dir='ltr'>et</span> <span class='ocrx_word' id='word_1_144' title='bbox 1152 2387 1293 2450; x_wconf 88' lang='lat' dir='ltr'>comicos</span> <span class='ocrx_word' id='word_1_145' title='bbox 1315 2384 1476 2467; x_wconf 90' lang='lat' dir='ltr'>legantur.</span> <span class='ocrx_word' id='word_1_146' title='bbox 1520 2385 1592 2448; x_wconf 91' lang='lat' dir='ltr'>Iam</span> <span class='ocrx_word' id='word_1_147' title='bbox 1618 2382 1661 2446; x_wconf 86' lang='lat' dir='ltr'>ad</span> 
     </span>
     <span class='ocr_line' id='line_1_19' title="bbox 219 2487 1657 2574; baseline -0.004 -19"><span class='ocrx_word' id='word_1_148' title='bbox 219 2489 436 2574; x_wconf 87' lang='lat' dir='ltr'>significatum</span> <span class='ocrx_word' id='word_1_149' title='bbox 462 2511 574 2554; x_wconf 89' lang='lat' dir='ltr'>eorum</span> <span class='ocrx_word' id='word_1_150' title='bbox 605 2488 868 2572; x_wconf 88' lang='lat' dir='ltr'>cognoscendum</span> <span class='ocrx_word' id='word_1_151' title='bbox 899 2487 1064 2568; x_wconf 78' lang='lat' dir='ltr'>adeamne,</span> <span class='ocrx_word' id='word_1_152' title='bbox 1096 2489 1152 2572; x_wconf 89' lang='lat' dir='ltr'>qui</span> <span class='ocrx_word' id='word_1_153' title='bbox 1189 2487 1372 2571; x_wconf 89' lang='lat' dir='ltr'>longiorem</span> <span class='ocrx_word' id='word_1_154' title='bbox 1405 2495 1437 2550; x_wconf 93' lang='lat' dir='ltr'>et</span> <span class='ocrx_word' id='word_1_155' title='bbox 1469 2487 1657 2572; x_wconf 87' lang='lat' dir='ltr'>graviorem</span> 
     </span>
     <span class='ocr_line' id='line_1_20' title="bbox 216 2589 733 2679; baseline -0.006 -21"><span class='ocrx_word' id='word_1_156' title='bbox 216 2595 440 2679; x_wconf 84' lang='lat' dir='ltr'>quaestionem</span> <span class='ocrx_word' id='word_1_157' title='bbox 463 2591 557 2658; x_wconf 88' lang='lat' dir='ltr'>nobis</span> <span class='ocrx_word' id='word_1_158' title='bbox 573 2589 733 2656; x_wconf 86' lang='lat' dir='ltr'>movebit.</span> 
     </span>
    </p>
   </div>
   <div class='ocr_carea' id='block_1_5' title="bbox 838 2883 1043 2894">
    <p class='ocr_par' dir='ltr' id='par_1_5' title="bbox 838 2883 1043 2894">
     <span class='ocr_line' id='line_1_21' title="bbox 838 2883 1043 2894; baseline -0.005 -2"><span class='ocrx_word' id='word_1_159' title='bbox 838 2883 1043 2894; x_wconf 78' lang='lat'>..—</span> 
     </span>
    </p>
   </div>
   <div class='ocr_carea' id='block_1_6' title="bbox 796 3071 1095 3173">
    <p class='ocr_par' dir='ltr' id='par_1_6' title="bbox 796 3071 1095 3173">
     <span class='ocr_line' id='line_1_22' title="bbox 796 3071 1095 3173; baseline -0.01 -2"><span class='ocrx_word' id='word_1_160' title='bbox 796 3101 893 3172; x_wconf 86' lang='lat' dir='ltr'>Pars</span> <span class='ocrx_word' id='word_1_161' title='bbox 914 3071 1095 3173; x_wconf 83' lang='lat' dir='ltr'>Secunda.</span> 
     </span>
    </p>
   </div>
   <div class='ocr_carea' id='block_1_7' title="bbox 216 3239 1663 4764">
    <p class='ocr_par' dir='ltr' id='par_1_7' title="bbox 216 3239 1663 4358">
     <span class='ocr_line' id='line_1_23' title="bbox 326 3239 1660 3328; baseline 0 -20"><span class='ocrx_word' id='word_1_162' title='bbox 326 3243 469 3310; x_wconf 90' lang='lat' dir='ltr'>Nomina</span> <span class='ocrx_word' id='word_1_163' title='bbox 491 3244 523 3306; x_wconf 89' lang='lat' dir='ltr'>in</span> <span class='ocrx_word' id='word_1_164' title='bbox 549 3258 597 3310; x_wconf 89' lang='grc' dir='ltr'>σις</span> <span class='ocrx_word' id='word_1_165' title='bbox 619 3242 792 3306; x_wconf 87' lang='lat' dir='ltr'>terminata</span> <span class='ocrx_word' id='word_1_166' title='bbox 814 3240 1011 3328; x_wconf 90' lang='lat' dir='ltr'>plerumque</span> <span class='ocrx_word' id='word_1_167' title='bbox 1043 3242 1207 3307; x_wconf 89' lang='lat' dir='ltr'>accedunt</span> <span class='ocrx_word' id='word_1_168' title='bbox 1237 3239 1279 3304; x_wconf 90' lang='lat' dir='ltr'>ad</span> <span class='ocrx_word' id='word_1_169' title='bbox 1309 3241 1527 3325; x_wconf 87' lang='lat' dir='ltr'>significatum</span> <span class='ocrx_word' id='word_1_170' title='bbox 1555 3240 1660 3308; x_wconf 89' lang='lat' dir='ltr'>infini-</span> 
     </span>
     <span class='ocr_line' id='line_1_24' title="bbox 218 3338 1662 3429; baseline 0 -20"><span class='ocrx_word' id='word_1_171' title='bbox 218 3349 280 3410; x_wconf 90' lang='lat' dir='ltr'>tivi</span> <span class='ocrx_word' id='word_1_172' title='bbox 291 3347 324 3427; x_wconf 84' lang='lat'>¹),</span> <span class='ocrx_word' id='word_1_173' title='bbox 347 3346 439 3410; x_wconf 87' lang='lat' dir='ltr'>velut</span> <span class='ocrx_word' id='word_1_174' title='bbox 463 3342 557 3423; x_wconf 84' lang='grc' dir='ltr'><strong>ἴασις,</strong></span> <span class='ocrx_word' id='word_1_175' title='bbox 580 3338 720 3428; x_wconf 81' lang='grc' dir='ltr'><strong>ἄρνησις,</strong></span> <span class='ocrx_word' id='word_1_176' title='bbox 743 3343 818 3408; x_wconf 89' lang='lat' dir='ltr'>alia.</span> <span class='ocrx_word' id='word_1_177' title='bbox 864 3342 900 3408; x_wconf 85' lang='lat' dir='ltr'>Si</span> <span class='ocrx_word' id='word_1_178' title='bbox 923 3353 1032 3409; x_wconf 88' lang='lat' dir='ltr'>autem</span> <span class='ocrx_word' id='word_1_179' title='bbox 1055 3367 1074 3410; x_wconf 91' lang='lat' dir='ltr'>a</span> <span class='ocrx_word' id='word_1_180' title='bbox 1096 3343 1199 3409; x_wconf 91' lang='lat' dir='ltr'>verbo</span> <span class='ocrx_word' id='word_1_181' title='bbox 1222 3345 1350 3427; x_wconf 85' lang='lat' dir='ltr'>generis</span> <span class='ocrx_word' id='word_1_182' title='bbox 1365 3344 1488 3429; x_wconf 88' lang='lat' dir='ltr'>passivi</span> <span class='ocrx_word' id='word_1_183' title='bbox 1511 3345 1662 3410; x_wconf 90' lang='lat' dir='ltr'>derivata</span> 
     </span>
     <span class='ocr_line' id='line_1_25' title="bbox 218 3439 1662 3533; baseline -0.001 -19"><span class='ocrx_word' id='word_1_184' title='bbox 218 3459 296 3514; x_wconf 88' lang='lat' dir='ltr'>sunt</span> <span class='ocrx_word' id='word_1_185' title='bbox 336 3449 477 3529; x_wconf 89' lang='lat' dir='ltr'>nomina,</span> <span class='ocrx_word' id='word_1_186' title='bbox 515 3445 717 3530; x_wconf 85' lang='lat' dir='ltr'>significatus</span> <span class='ocrx_word' id='word_1_187' title='bbox 747 3448 844 3510; x_wconf 88' lang='lat' dir='ltr'>etiam</span> <span class='ocrx_word' id='word_1_188' title='bbox 867 3449 1017 3533; x_wconf 88' lang='lat' dir='ltr'>passivus</span> <span class='ocrx_word' id='word_1_189' title='bbox 1046 3446 1094 3529; x_wconf 90' lang='lat' dir='ltr'>fit,</span> <span class='ocrx_word' id='word_1_190' title='bbox 1127 3458 1163 3511; x_wconf 91' lang='lat' dir='ltr'>ut</span> <span class='ocrx_word' id='word_1_191' title='bbox 1195 3439 1321 3524; x_wconf 74' lang='grc' dir='ltr'><strong>ἅλωσις,</strong></span> <span class='ocrx_word' id='word_1_192' title='bbox 1353 3447 1441 3532; x_wconf 90' lang='lat' dir='ltr'>quod</span> <span class='ocrx_word' id='word_1_193' title='bbox 1478 3447 1662 3530; x_wconf 80' lang='lat' dir='ltr'>Hesychius</span> 
     </span>
     <span class='ocr_line' id='line_1_26' title="bbox 220 3542 1663 3636; baseline -0.001 -20"><span class='ocrx_word' id='word_1_194' title='bbox 220 3549 305 3616; x_wconf 86' lang='lat' dir='ltr'>bene</span> <span class='ocrx_word' id='word_1_195' title='bbox 329 3549 509 3636; x_wconf 88' lang='lat' dir='ltr'>explicavit</span> <span class='ocrx_word' id='word_1_196' title='bbox 545 3549 656 3613; x_wconf 88' lang='lat' dir='ltr'>verbis</span> <span class='ocrx_word' id='word_1_197' title='bbox 679 3544 827 3631; x_wconf 72' lang='grc' dir='ltr'><strong>θάνατος,</strong></span> <span class='ocrx_word' id='word_1_198' title='bbox 863 3542 1008 3617; x_wconf 84' lang='grc' dir='ltr'><strong>ἀπολεία.</strong></span> <span class='ocrx_word' id='word_1_199' title='bbox 1053 3548 1240 3635; x_wconf 79' lang='lat' dir='ltr'>Aeschylus</span> <span class='ocrx_word' id='word_1_200' title='bbox 1275 3548 1351 3613; x_wconf 89' lang='lat' dir='ltr'>huic</span> <span class='ocrx_word' id='word_1_201' title='bbox 1383 3551 1505 3614; x_wconf 90' lang='lat' dir='ltr'>nomini</span> <span class='ocrx_word' id='word_1_202' title='bbox 1525 3550 1663 3615; x_wconf 90' lang='lat' dir='ltr'>addidit</span> 
     </span>
     <span class='ocr_line' id='line_1_27' title="bbox 219 3643 1663 3739; baseline -0.003 -21"><span class='ocrx_word' id='word_1_203' title='bbox 219 3656 411 3739; x_wconf 84' lang='lat' dir='ltr'>genetivum</span> <span class='ocrx_word' id='word_1_204' title='bbox 441 3652 531 3718; x_wconf 86' lang='lat' dir='ltr'>urbis</span> <span class='ocrx_word' id='word_1_205' title='bbox 555 3663 771 3738; x_wconf 88' lang='lat' dir='ltr'>expugnatae,</span> <span class='ocrx_word' id='word_1_206' title='bbox 801 3654 864 3736; x_wconf 88' lang='lat' dir='ltr'>Ag.</span> <span class='ocrx_word' id='word_1_207' title='bbox 895 3652 959 3717; x_wconf 85' lang='lat'>594</span> <span class='ocrx_word' id='word_1_208' title='bbox 988 3648 1115 3734; x_wconf 79' lang='grc' dir='ltr'><em>φράζων</em></span> <span class='ocrx_word' id='word_1_209' title='bbox 1142 3644 1263 3714; x_wconf 80' lang='grc' dir='ltr'><strong>ἅλωσιν</strong></span> <span class='ocrx_word' id='word_1_210' title='bbox 1289 3645 1392 3714; x_wconf 81' lang='grc' dir='ltr'><strong><em>Ἰλίου</em></strong></span> <span class='ocrx_word' id='word_1_211' title='bbox 1419 3644 1446 3714; x_wconf 82' lang='grc' dir='ltr'>τ’</span> <span class='ocrx_word' id='word_1_212' title='bbox 1476 3643 1663 3735; x_wconf 81' lang='grc' dir='ltr'><strong>ἀνάστασιν,</strong></span> 
     </span>
     <span class='ocr_line' id='line_1_28' title="bbox 216 3753 1662 3841; baseline -0.003 -19"><span class='ocrx_word' id='word_1_213' title='bbox 216 3755 335 3822; x_wconf 88' lang='lat' dir='ltr'>eodem</span> <span class='ocrx_word' id='word_1_214' title='bbox 370 3755 467 3820; x_wconf 92' lang='lat' dir='ltr'>modo</span> <span class='ocrx_word' id='word_1_215' title='bbox 503 3754 580 3819; x_wconf 85' lang='lat' dir='ltr'>Eur.</span> <span class='ocrx_word' id='word_1_216' title='bbox 614 3755 696 3818; x_wconf 89' lang='lat' dir='ltr'>Hec.</span> <span class='ocrx_word' id='word_1_217' title='bbox 737 3753 829 3838; x_wconf 84' lang='lat'><strong>1135,</strong></span> <span class='ocrx_word' id='word_1_218' title='bbox 863 3753 914 3819; x_wconf 82' lang='lat' dir='ltr'>El.</span> <span class='ocrx_word' id='word_1_219' title='bbox 939 3756 1030 3838; x_wconf 88' lang='grc'><strong>1024,</strong></span> <span class='ocrx_word' id='word_1_220' title='bbox 1061 3754 1160 3841; x_wconf 86' lang='lat' dir='ltr'>Soph.</span> <span class='ocrx_word' id='word_1_221' title='bbox 1193 3754 1248 3819; x_wconf 90' lang='lat' dir='ltr'>Tr.</span> <span class='ocrx_word' id='word_1_222' title='bbox 1279 3755 1352 3835; x_wconf 91' lang='grc'><strong>288,</strong></span> <span class='ocrx_word' id='word_1_223' title='bbox 1382 3754 1440 3821; x_wconf 90' lang='lat' dir='ltr'>Ph.</span> <span class='ocrx_word' id='word_1_224' title='bbox 1464 3755 1515 3820; x_wconf 84' lang='lat'>61.</span> <span class='ocrx_word' id='word_1_225' title='bbox 1561 3755 1662 3841; x_wconf 90' lang='lat' dir='ltr'>Apud</span> 
     </span>
     <span class='ocr_line' id='line_1_29' title="bbox 218 3850 1661 3944; baseline -0.002 -19"><span class='ocrx_word' id='word_1_226' title='bbox 218 3860 426 3926; x_wconf 89' lang='lat' dir='ltr'>Herodotum</span> <span class='ocrx_word' id='word_1_227' title='bbox 449 3857 587 3942; x_wconf 87' lang='lat' dir='ltr'>legimus</span> <span class='ocrx_word' id='word_1_228' title='bbox 610 3859 639 3941; x_wconf 91' lang='lat'>6,</span> <span class='ocrx_word' id='word_1_229' title='bbox 663 3860 703 3923; x_wconf 95' lang='grc'><strong>21</strong></span> <span class='ocrx_word' id='word_1_230' title='bbox 727 3867 841 3923; x_wconf 89' lang='lat' dir='ltr'>notum</span> <span class='ocrx_word' id='word_1_231' title='bbox 863 3856 946 3922; x_wconf 91' lang='lat' dir='ltr'>illud</span> <span class='ocrx_word' id='word_1_232' title='bbox 970 3853 1121 3942; x_wconf 77' lang='grc' dir='ltr'><strong>Μιλήτου</strong></span> <span class='ocrx_word' id='word_1_233' title='bbox 1144 3850 1273 3940; x_wconf 81' lang='grc' dir='ltr'><strong>ἅλωσις,</strong></span> <span class='ocrx_word' id='word_1_234' title='bbox 1298 3867 1329 3922; x_wconf 91' lang='lat' dir='ltr'>et</span> <span class='ocrx_word' id='word_1_235' title='bbox 1350 3857 1440 3942; x_wconf 89' lang='lat' dir='ltr'>apud</span> <span class='ocrx_word' id='word_1_236' title='bbox 1462 3859 1661 3944; x_wconf 88' lang='lat' dir='ltr'>posteriores</span> 
     </span>
     <span class='ocr_line' id='line_1_30' title="bbox 219 3959 1662 4050; baseline -0.003 -22"><span class='ocrx_word' id='word_1_237' title='bbox 219 3985 354 4050; x_wconf 62' lang='lat' dir='ltr'>«quoque</span> <span class='ocrx_word' id='word_1_238' title='bbox 378 3963 556 4048; x_wconf 83' lang='lat' dir='ltr'>scriptores</span> <span class='ocrx_word' id='word_1_239' title='bbox 586 3983 716 4045; x_wconf 86' lang='lat' dir='ltr'>semper</span> <span class='ocrx_word' id='word_1_240' title='bbox 743 3961 874 4048; x_wconf 86' lang='lat' dir='ltr'>passiva</span> <span class='ocrx_word' id='word_1_241' title='bbox 908 3971 957 4026; x_wconf 90' lang='lat' dir='ltr'>est</span> <span class='ocrx_word' id='word_1_242' title='bbox 990 3962 1051 4043; x_wconf 86' lang='lat' dir='ltr'>vis,</span> <span class='ocrx_word' id='word_1_243' title='bbox 1084 3960 1176 4026; x_wconf 92' lang='lat' dir='ltr'>velut</span> <span class='ocrx_word' id='word_1_244' title='bbox 1209 3959 1328 4026; x_wconf 87' lang='lat' dir='ltr'>Strabo</span> <span class='ocrx_word' id='word_1_245' title='bbox 1364 3961 1414 4042; x_wconf 89' lang='grc'><strong>14,</strong></span> <span class='ocrx_word' id='word_1_246' title='bbox 1435 3959 1498 4024; x_wconf 86' lang='grc'>635</span> <span class='ocrx_word' id='word_1_247' title='bbox 1531 3960 1662 4046; x_wconf 86' lang='lat' dir='ltr'>scripsit</span> 
     </span>
     <span class='ocr_line' id='line_1_31' title="bbox 217 4053 1663 4149; baseline -0.002 -20"><span class='ocrx_word' id='word_1_248' title='bbox 217 4066 330 4148; x_wconf 80' lang='grc' dir='ltr'><strong>δρᾶμα</strong></span> <span class='ocrx_word' id='word_1_249' title='bbox 363 4057 501 4149; x_wconf 77' lang='grc' dir='ltr'><strong>ἐποίησε</strong></span> <span class='ocrx_word' id='word_1_250' title='bbox 533 4058 685 4147; x_wconf 77' lang='grc' dir='ltr'><strong>Μιλήτου</strong></span> <span class='ocrx_word' id='word_1_251' title='bbox 716 4053 836 4126; x_wconf 79' lang='grc' dir='ltr'><strong>ἅλωσιν</strong></span> <span class='ocrx_word' id='word_1_252' title='bbox 867 4057 935 4126; x_wconf 76' lang='grc' dir='ltr'>ὑπὸ</span> <span class='ocrx_word' id='word_1_253' title='bbox 973 4066 1127 4144; x_wconf 83' lang='grc' dir='ltr'>Δαρείου,</span> <span class='ocrx_word' id='word_1_254' title='bbox 1160 4063 1247 4129; x_wconf 89' lang='lat' dir='ltr'>Plut.</span> <span class='ocrx_word' id='word_1_255' title='bbox 1285 4063 1381 4130; x_wconf 87' lang='lat' dir='ltr'>Num.</span> <span class='ocrx_word' id='word_1_256' title='bbox 1416 4063 1455 4128; x_wconf 92' lang='grc'><strong>15</strong></span> <span class='ocrx_word' id='word_1_257' title='bbox 1487 4059 1663 4133; x_wconf 79' lang='grc' dir='ltr'><strong>ἑαλωκότας</strong></span> 
     </span>
     <span class='ocr_line' id='line_1_32' title="bbox 218 4158 1661 4253; baseline 0.001 -22"><span class='ocrx_word' id='word_1_258' title='bbox 218 4163 355 4248; x_wconf 79' lang='grc' dir='ltr'><strong>ἰσχυρὰν</strong></span> <span class='ocrx_word' id='word_1_259' title='bbox 387 4165 438 4228; x_wconf 83' lang='grc' dir='ltr'>καὶ</span> <span class='ocrx_word' id='word_1_260' title='bbox 475 4159 619 4248; x_wconf 79' lang='grc' dir='ltr'><strong>ἄφυκτον</strong></span> <span class='ocrx_word' id='word_1_261' title='bbox 651 4158 781 4248; x_wconf 81' lang='grc' dir='ltr'><strong>ἅλωσιν,</strong></span> <span class='ocrx_word' id='word_1_262' title='bbox 815 4166 887 4230; x_wconf 89' lang='lat' dir='ltr'>alia.</span> <span class='ocrx_word' id='word_1_263' title='bbox 932 4161 1050 4253; x_wconf 72' lang='lat' dir='ltr'>Itaque</span> <span class='ocrx_word' id='word_1_264' title='bbox 1087 4175 1167 4252; x_wconf 89' lang='lat' dir='ltr'>puto</span> <span class='ocrx_word' id='word_1_265' title='bbox 1198 4187 1313 4231; x_wconf 89' lang='lat' dir='ltr'>versus</span> <span class='ocrx_word' id='word_1_266' title='bbox 1348 4164 1438 4229; x_wconf 91' lang='lat' dir='ltr'>chori</span> <span class='ocrx_word' id='word_1_267' title='bbox 1475 4163 1528 4232; x_wconf 90' lang='lat' dir='ltr'>Se.</span> <span class='ocrx_word' id='word_1_268' title='bbox 1555 4165 1661 4247; x_wconf 74' lang='lat' dir='ltr'>111l2,</span> 
     </span>
     <span class='ocr_line' id='line_1_33' title="bbox 218 4272 376 4358; baseline -0.025 -22"><span class='ocrx_word' id='word_1_269' title='bbox 218 4272 376 4358; x_wconf 85' lang='lat' dir='ltr'>quisunt</span> 
     </span>
    </p>

    <p class='ocr_par' dir='ltr' id='par_1_8' title="bbox 221 4359 1662 4764">
     <span class='ocr_line' id='line_1_34' title="bbox 603 4359 1269 4453; baseline 0.002 -20"><span class='ocrx_word' id='word_1_270' title='bbox 603 4364 670 4434; x_wconf 81' lang='grc' dir='ltr'><strong>ἀλλ’</strong></span> <span class='ocrx_word' id='word_1_271' title='bbox 693 4359 718 4433; x_wconf 77' lang='lat' dir='ltr'>d</span> <span class='ocrx_word' id='word_1_272' title='bbox 741 4373 806 4434; x_wconf 82' lang='grc' dir='ltr'>Ζεῦ</span> <span class='ocrx_word' id='word_1_273' title='bbox 828 4367 932 4453; x_wconf 81' lang='grc' dir='ltr'><strong>πάτερ</strong></span> <span class='ocrx_word' id='word_1_274' title='bbox 954 4370 1117 4450; x_wconf 82' lang='grc' dir='ltr'><strong>παντελές,</strong></span> <span class='ocrx_word' id='word_1_275' title='bbox 1140 4367 1269 4442; x_wconf 81' lang='grc' dir='ltr'><strong>πάντως</strong></span> 
     </span>
     <span class='ocr_line' id='line_1_35' title="bbox 695 4461 1072 4557; baseline -0.003 -20"><span class='ocrx_word' id='word_1_276' title='bbox 695 4468 813 4557; x_wconf 79' lang='grc' dir='ltr'><strong>ἄρηξον</strong></span> <span class='ocrx_word' id='word_1_277' title='bbox 835 4475 932 4536; x_wconf 82' lang='grc' dir='ltr'><strong>δαίων</strong></span> <span class='ocrx_word' id='word_1_278' title='bbox 954 4461 1072 4537; x_wconf 78' lang='grc' dir='ltr'><strong>ἅλωσιν</strong></span> 
     </span>
     <span class='ocr_line' id='line_1_36' title="bbox 222 4575 1661 4663; baseline -0.004 -19"><span class='ocrx_word' id='word_1_279' title='bbox 222 4590 313 4644; x_wconf 89' lang='lat' dir='ltr'>recte</span> <span class='ocrx_word' id='word_1_280' title='bbox 332 4575 597 4663; x_wconf 89' lang='lat' dir='ltr'>interpretandos</span> <span class='ocrx_word' id='word_1_281' title='bbox 615 4599 685 4642; x_wconf 89' lang='lat' dir='ltr'>esse</span> <span class='ocrx_word' id='word_1_282' title='bbox 707 4600 789 4644; x_wconf 88' lang='lat' dir='ltr'>non:</span> <span class='ocrx_word' id='word_1_283' title='bbox 815 4599 910 4659; x_wconf 86' lang='lat' dir='ltr'>„arce</span> <span class='ocrx_word' id='word_1_284' title='bbox 932 4577 1074 4642; x_wconf 89' lang='lat' dir='ltr'>hostium</span> <span class='ocrx_word' id='word_1_285' title='bbox 1098 4579 1383 4663; x_wconf 82' lang='lat' dir='ltr'>expugnationem,</span> <span class='ocrx_word' id='word_1_286' title='bbox 1404 4576 1514 4642; x_wconf 84' lang='lat' dir='ltr'>hostes</span> <span class='ocrx_word' id='word_1_287' title='bbox 1538 4595 1661 4660; x_wconf 87' lang='lat' dir='ltr'>expug-</span> 
     </span>
     <span class='ocr_line' id='line_1_37' title="bbox 221 4677 1662 4764; baseline -0.002 -18"><span class='ocrx_word' id='word_1_288' title='bbox 221 4678 369 4761; x_wconf 79' lang='lat' dir='ltr'>nantes“,</span> <span class='ocrx_word' id='word_1_289' title='bbox 384 4716 420 4726; x_wconf 91' lang='lat'>-</span> <span class='ocrx_word' id='word_1_290' title='bbox 433 4679 469 4745; x_wconf 92' lang='lat' dir='ltr'>id</span> <span class='ocrx_word' id='word_1_291' title='bbox 491 4681 575 4744; x_wconf 89' lang='lat' dir='ltr'>enim</span> <span class='ocrx_word' id='word_1_292' title='bbox 592 4692 675 4746; x_wconf 88' lang='lat' dir='ltr'>esset</span> <span class='ocrx_word' id='word_1_293' title='bbox 687 4681 786 4744; x_wconf 84' lang='grc' dir='ltr'><strong>δαίων</strong></span> <span class='ocrx_word' id='word_1_294' title='bbox 797 4677 919 4762; x_wconf 83' lang='grc' dir='ltr'><strong>αἵρεσιν</strong></span> <span class='ocrx_word' id='word_1_295' title='bbox 932 4714 985 4760; x_wconf 95' lang='grc'>-,</span> <span class='ocrx_word' id='word_1_296' title='bbox 994 4679 1050 4744; x_wconf 87' lang='lat' dir='ltr'>sed</span> <span class='ocrx_word' id='word_1_297' title='bbox 1063 4703 1159 4764; x_wconf 82' lang='lat' dir='ltr'>„arce</span> <span class='ocrx_word' id='word_1_298' title='bbox 1177 4703 1218 4745; x_wconf 90' lang='lat' dir='ltr'>ne</span> <span class='ocrx_word' id='word_1_299' title='bbox 1231 4681 1310 4745; x_wconf 89' lang='lat' dir='ltr'>urbs</span> <span class='ocrx_word' id='word_1_300' title='bbox 1323 4681 1365 4746; x_wconf 95' lang='lat' dir='ltr'>ab</span> <span class='ocrx_word' id='word_1_301' title='bbox 1378 4679 1525 4746; x_wconf 85' lang='lat' dir='ltr'>hostibus</span> <span class='ocrx_word' id='word_1_302' title='bbox 1537 4701 1662 4764; x_wconf 87' lang='lat' dir='ltr'>expug-</span> 
     </span>
    </p>
   </div>
   <div class='ocr_carea' id='block_1_8' title="bbox 416 4804 533 4812">
    <p class='ocr_par' dir='ltr' id='par_1_9' title="bbox 416 4804 533 4812">
     <span class='ocr_line' id='line_1_38' title="bbox 416 4804 533 4812; baseline -0.017 0"><span class='ocrx_word' id='word_1_303' title='bbox 416 4804 533 4812; x_wconf 76' lang='lat'><em>,.-—-</em></span> 
     </span>
    </p>
   </div>
   <div class='ocr_carea' id='block_1_9' title="bbox 329 4848 1178 4920">
    <p class='ocr_par' dir='ltr' id='par_1_10' title="bbox 329 4848 1178 4920">
     <span class='ocr_line' id='line_1_39' title="bbox 329 4848 1178 4920; baseline -0.004 -14"><span class='ocrx_word' id='word_1_304' title='bbox 329 4850 351 4920; x_wconf 90' lang='lat'>¹)</span> <span class='ocrx_word' id='word_1_305' title='bbox 370 4850 414 4906; x_wconf 80' lang='lat' dir='ltr'>ut.</span> <span class='ocrx_word' id='word_1_306' title='bbox 432 4850 588 4904; x_wconf 83' lang='lat' dir='ltr'>Buttmann</span> <span class='ocrx_word' id='word_1_307' title='bbox 607 4849 625 4903; x_wconf 96' lang='lat' dir='ltr'>l.</span> <span class='ocrx_word' id='word_1_308' title='bbox 644 4849 662 4904; x_wconf 91' lang='lat'>1.</span> <span class='ocrx_word' id='word_1_309' title='bbox 681 4867 708 4920; x_wconf 90' lang='lat' dir='ltr'>p.</span> <span class='ocrx_word' id='word_1_310' title='bbox 727 4849 795 4918; x_wconf 75' lang='lat'><strong>3993</strong></span> <span class='ocrx_word' id='word_1_311' title='bbox 816 4848 949 4902; x_wconf 84' lang='lat' dir='ltr'>Kuehner</span> <span class='ocrx_word' id='word_1_312' title='bbox 968 4849 985 4906; x_wconf 93' lang='lat' dir='ltr'>l.</span> <span class='ocrx_word' id='word_1_313' title='bbox 1006 4848 1057 4904; x_wconf 92' lang='lat'>1.1</span> <span class='ocrx_word' id='word_1_314' title='bbox 1076 4855 1100 4918; x_wconf 80' lang='lat'>2,</span> <span class='ocrx_word' id='word_1_315' title='bbox 1119 4849 1178 4906; x_wconf 80' lang='lat'>270.</span> 
     </span>
    </p>
   </div>
   <div class='ocr_carea' id='block_1_10' title="bbox 0 0 1906 5518">
    <p class='ocr_par' dir='ltr' id='par_1_11' title="bbox 0 0 1906 5518">
     <span class='ocr_line' id='line_1_40' title="bbox 0 0 1906 5518; baseline 0 0"><span class='ocrx_word' id='word_1_316' title='bbox 0 0 1906 5518; x_wconf 95' lang='lat' dir='ltr'> </span> 
     </span>
    </p>
   </div>
  </div>
 </body>
</html>
