3796 5518
859 383 1069 450 ..88-

350 569 378 633 E
408 570 599 654 fragmentis
633 578 742 635 autem
776 571 973 636 comicorum
1009 570 1050 635 de
1085 571 1309 635 instrumentis
1342 570 1431 634 dicta
1460 570 1542 634 haec
1572 570 1686 635 afferri

244 682 380 760 possunt
403 673 533 737 nomina
567 673 713 756 agentis:
756 669 931 756 κλιμακτήρ
954 673 1054 737 Arist.
1078 672 1119 736 fr.
1142 672 1215 754 277,
1247 667 1390 754 στρωτήρ
1413 673 1451 739 fr.
1475 673 1526 754 12,
1557 669 1685 756 ἑλικτὴρ

244 777 283 844 fr.
305 777 378 858 320,
406 769 505 860 ἆλτήρ
529 773 671 840 Cratetis
701 775 740 840 fr.
765 778 815 850 11,
843 767 944 860 ἇρτὴρ
967 775 1174 840 Pherecratis
1195 775 1234 842 fr.
1257 775 1310 855 38,
1340 770 1548 858 ποδανιπτὴρ
1569 775 1687 860 Amip·

244 880 311 942 siae
346 880 386 944 fr.
415 879 445 959 2,
480 872 582 961 βοτήρ
612 877 758 942 eiusdem
786 877 826 942 fr.
857 879 899 943 26
932 868 985 940 ἐπ’
1014 869 1112 940 αότόν
1142 869 1227 960 ἥκεις
1256 872 1313 940 τόν
1335 878 1459 960 βατῆρα
1489 875 1545 960 τῆς
1573 873 1689 957 θόρας,

247 979 336 1066 quod
353 1001 473 1044 caveas
493 1001 534 1044 ne
557 982 688 1065 passive
711 978 893 1065 intellegas,
916 988 953 1045 ut
975 979 1096 1044 Pollux
1111 981 1140 1062 2,
1157 980 1220 1045 200
1234 979 1312 1043 fecit
1328 979 1499 1065 explicans
1514 974 1573 1042 τὸν
1588 969 1688 1042 οόδόν

245 1076 296 1164 ἐφ’
320 1067 359 1145 ori
379 1085 543 1162 βαίνομεν.
588 1081 714 1148 Ceteris
737 1083 897 1163 omnibus,
920 1105 1004 1168 quae
1028 1083 1176 1147 conferre
1199 1083 1300 1167 potui,
1330 1082 1490 1169 exemplis
1512 1083 1594 1147 haec
1616 1103 1688 1146 seu·

246 1188 349 1251 tentia
378 1187 599 1270 impugnatur,
624 1194 656 1249 et
686 1187 765 1251 satis
795 1187 1035 1251 demonstratur
1056 1207 1174 1251 nomen
1195 1183 1298 1269 βοτήρ
1322 1184 1444 1250 habere
1466 1185 1687 1270 significatum

248 1289 463 1370 causativum,
499 1299 536 1352 ut
571 1283 670 1371 ἆλτὴρ
708 1288 797 1376 quod
833 1288 930 1353 modo
968 1288 1080 1371 attuli,
1114 1283 1243 1371 κλιντήρ
1280 1285 1341 1352 Od.
1383 1288 1430 1370 18,
1472 1287 1542 1368 190,
1579 1287 1689 1366 alia1).

248 1389 416 1474 Hesychio
451 1391 536 1453 enim
560 1387 659 1474 βαοὴρ
683 1402 733 1454 est
766 1392 907 1476 primum
941 1383 959 1452 ό
987 1393 1115 1474 βαίνων,
1148 1388 1266 1454 deinde
1296 1402 1405 1454 autem
1435 1384 1471 1452 τὸ
1505 1383 1604 1468 ἄκρον
1633 1385 1690 1451 τοῦ

250 1487 430 1571 σκόμματος
458 1490 522 1553 τῶν
550 1491 755 1572 πεντάθλων,
793 1483 847 1574 ἀφ’
878 1476 916 1554 οὗ
948 1485 1097 1555 ἄλλονται
1124 1488 1163 1554 τό
1187 1491 1325 1573 πρῶτον,
1354 1494 1446 1556 cuius
1469 1491 1591 1556 similes
1614 1499 1691 1554 sunt

249 1593 485 1679 explicationes
501 1594 622 1659 Suidae
638 1620 662 1660 s.
678 1617 709 1660 v.
726 1603 759 1658 et
780 1594 932 1659 Eustathi
954 1617 986 1680 p.
1012 1595 1104 1676 1404,
1127 1595 1178 1676 56,
1202 1617 1275 1660 cum
1299 1593 1443 1659 Bekkeri
1465 1593 1591 1664 Anecd.
1615 1593 1690 1674 224,

250 1698 291 1761 12
320 1695 467 1761 additum
497 1699 538 1763 sit
566 1694 736 1777 Σύμμαχος
766 1696 803 1758 δὲ
831 1693 869 1759 τὸ
900 1702 1009 1776 μέσον,
1038 1691 1095 1778 ἀφ’
1123 1682 1160 1759 οὗ
1182 1691 1335 1776 ἁλόμενοι
1365 1694 1464 1758 πόλιν
1495 1691 1690 1773 ἐξάλλονται,

250 1797 369 1884 quibus
391 1797 503 1864 verbis
525 1801 628 1884 magis
652 1803 748 1865 etiarn
774 1810 913 1887 apparet
929 1799 1105 1885 significari
1124 1800 1271 1865 tabulam
1294 1799 1395 1881 illam,
1411 1823 1428 1862 e
1445 1822 1510 1884 qua
1526 1799 1645 1863 saliunt
1655 1797 1690 1878 ²).

249 1899 415 1964 Nicander
444 1910 554 1966 autem
585 1903 683 1970 Ther.
714 1901 775 1970 377
804 1925 923 1968 nornen
955 1900 1057 1988 βατὴρ
1080 1905 1254 1988 usurpavit
1276 1924 1337 1988 pro
1362 1903 1432 1988 ipso
1457 1904 1609 1988 scipione,
1633 1903 1693 1987 qui

250 2002 376 2066 scilicet
398 2005 503 2088 efficit,
538 2013 574 2068 ut
596 2006 713 2092 aliquis
736 2007 838 2093 possit
860 2003 1022 2086 incedere,
1046 2007 1093 2069 ita
1115 2013 1152 2069 ut
1174 2004 1324 2070 omnibus
1346 2003 1396 2068 his
1418 2004 1499 2070 locis
1523 2005 1599 2067 satis
1616 2025 1691 2088 ocg-

250 2114 403 2170 noseatur
432 2107 499 2170 vim
528 2111 665 2173 nominis
700 2131 771 2173 esse
793 2107 1043 2195 participialem.
1089 2107 1142 2172 Ad
1173 2108 1257 2173 hanc
1281 2091 1380 2172 etiam
1404 2110 1526 2194 optime
1550 2107 1693 2193 quadrat

249 2215 363 2272 notum
384 2208 466 2274 illud
489 2199 586 2273 odada
607 2217 775 2292 κε’κρουκας
797 2207 857 2273 τὸν
878 2207 1001 2292 βατῇρα
1021 2209 1080 2272 τοῦ
1101 2207 1208 2293 λόγον,
1231 2211 1250 2274 i.
1276 2232 1302 2275 e.
1327 2210 1508 2291 exordium,
1531 2210 1693 2292 originem

249 2307 307 2370 τοῦ
328 2308 434 2393 λόγου,
458 2333 478 2375 a
501 2335 566 2399 qua
588 2313 699 2399 prodit
721 2309 740 2375 ό
761 2310 864 2393 λόγος,
892 2322 928 2377 ut
950 2312 1068 2377 Suidas
1091 2313 1270 2399 explicavit
1302 2306 1338 2375 τό
1362 2307 1606 2393 ἐπικαιρότατον
1639 2309 1694 2373 καὶ

254 2410 394 2491 πρῶτον,
439 2413 501 2478 His
525 2427 632 2480 autem
658 2419 796 2501 cognitis
821 2416 981 2501 exemplis
1004 2415 1223 2502 intellegimus
1248 2418 1357 2498 etiam,
1392 2439 1456 2502 quo
1473 2415 1570 2481 modo
1590 2410 1696 2498 βατήρ

251 2535 311 2597 pro
344 2507 438 2585 οὐδός
474 2515 597 2582 dictum
630 2542 702 2584 esse
736 2522 891 2604 potuerit,
914 2519 1002 2604 quod
1032 2540 1131 2584 versu
1161 2518 1217 2582 illo
1250 2519 1418 2605 Amipsiae
1445 2520 1637 2600 invenimus,
1661 2527 1696 2579 et

255 2614 373 2681 Suidas
404 2626 436 2681 et
465 2619 652 2705 Hesychius
685 2620 925 2686 contenderunt
948 2645 973 2689 s.
1003 2645 1035 2688 v.
1066 2612 1170 2690 οόδός.
1217 2621 1301 2687 Oum
1333 2624 1418 2687 enim
1448 2643 1610 2708 nusquam
1631 2621 1695 2684 nisi

252 2718 340 2803 apud
371 2720 453 2786 duos
480 2720 555 2787 illos
577 2727 807 2808 grammaticos
835 2725 966 2808 legatur
994 2716 1088 2793 οόδός
1109 2720 1220 2804 θύρας,
1243 2724 1300 2790 sed
1324 2747 1454 2811 semper
1476 2715 1573 2791 οόδός
1594 2719 1696 2811 οἴκου,

252 2822 379 2903 similia,
403 2827 448 2888 ita
469 2825 626 2911 intellego
648 2827 775 2910 βατῆρα
795 2823 899 2906 θύρας
921 2827 976 2908 (cf.
1000 2826 1060 2894 Oh.
1083 2827 1170 2909 569),
1193 2837 1230 2892 ut
1254 2829 1295 2894 sit
1317 2827 1360 2909 id,
1384 2827 1472 2914 quod
1496 2825 1590 2911 quasi
1604 2824 1695 2898 facit,

253 2931 290 2988 ut
311 2933 409 3008 porta
430 2927 570 3009 incedat,
596 2951 660 3014 quo
685 2932 778 3014 quasi
800 2929 885 3017 pede
909 2939 1006 3015 porta
1028 2931 1157 3012 insistit,
1179 2953 1237 3016 pes
1260 2943 1386 3017 portae.
1432 2930 1525 2993 Haec
1549 2938 1598 2992 est
1620 2949 1696 2992 mea

253 3026 483 3112 interpretatio
507 3032 654 3096 nominis.
700 3032 873 3098 Passivum
905 3044 1014 3096 autem
1037 3033 1191 3098 vocabuli
1216 3056 1318 3116 genus
1343 3031 1475 3098 defendi
1498 3040 1607 3119 potest
1628 3052 1696 3095 uno

252 3126 309 3192 illo
344 3130 488 3197 Pollucis
521 3133 604 3215 loco,
639 3157 703 3220 quo
741 3132 844 3218 βοτήρ
873 3147 922 3200 cst
958 3127 975 3197 ό
1007 3127 1106 3207 οόδός
1135 3128 1187 3216 ἐφ’
1214 3121 1252 3198 οὗ
1273 3138 1437 3217 βαίνομεν,
1473 3156 1558 3221 quae
1591 3132 1697 3197 verba

255 3231 334 3317 quid
371 3233 434 3330 sibi
469 3235 573 3300 velint
609 3239 735 3302 nescire
772 3261 824 3303 me
862 3237 1021 3303 confiteor
1056 3260 1162 3323 neque
1204 3239 1329 3321 dubito,
1371 3239 1448 3325 quin
1485 3233 1696 3301 scribendum

254 3335 295 3398 sit
317 3326 373 3414 ἀφ’
395 3334 444 3402 οῦ.

364 3437 432 3504 Sed
461 3438 636 3506 redeamus
659 3442 701 3507 ad
725 3440 872 3506 ordinem
895 3443 1110 3528 propositum.
1155 3443 1208 3507 De
1231 3440 1424 3506 hominibus.
1442 3440 1529 3505 dicta
1551 3440 1585 3504 in
1607 3438 1697 3524 frag·
1731 3507 1732 3510 ,

255 3540 374 3605 mentis
398 3544 597 3608 comicorum
622 3544 703 3609 haec
725 3547 850 3609 inveni:
882 3545 982 3610 Arist.
1006 3546 1046 3610 fr.
1071 3546 1133 3610 566
1160 3537 1221 3607 τόν
1246 3539 1358 3623 Φρόγα
1379 3539 1436 3605 τὸν
1457 3535 1616 3627 αόλητῆρα
1636 3535 1699 3604 τόν

258 3639 428 3724 Σαβάζιον,
456 3668 520 3731 quo
545 3647 586 3712 de
608 3669 708 3712 versu
730 3671 762 3733 p.
786 3648 827 3713 86
850 3650 914 3712 iam
938 3649 1022 3730 dixi3
1051 3648 1145 3712 Plato
1175 3646 1314 3735 praebet
1335 3647 1376 3710 ir.
1401 3644 1462 3710 126
1484 3645 1699 3726 magistratus

256 3744 386 3810 titulum
422 3741 598 3833 ἁρμοστὴρ,
632 3751 689 3836 qui
722 3748 1096 3814 eLacedaemoniorum
1127 3750 1184 3814 illo
1218 3747 1419 3813 deformatus
1451 3769 1523 3811 esse
1554 3745 1698 3810 videtur.

258 3845 379 3912 Pollux
402 3863 512 3914 autem
535 3853 564 3935 3,
589 3852 651 3917 125
673 3851 755 3916 haec
778 3851 884 3917 dedit:
913 3847 1050 3936 πρατήρ,
1070 3849 1272 3934 μεταβολεύς,
1301 3847 1459 3934 πωλητὴς.
1502 3843 1700 3932 Ὑπερείδης

259 3948 298 4013 dd
329 3951 381 4014 καὶ
413 3948 542 4036 πράτην
573 3951 711 4037 εἴρηκεν,
747 3953 953 4039 πωλητήριον
985 3953 1021 4017 δὲ
1041 3949 1230 4034 Ἕρμιππος
1262 3953 1315 4034 (fr.
1345 3951 1411 4035 93),
1439 3951 1496 4015 ubi
1524 3946 1701 4034 πωλητῆρα

257 4066 471 4119 correxerunt
491 4057 554 4120 viri
578 4055 675 4122 docti.
719 4057 804 4143 Ipsis
833 4067 943 4121 autem
966 4056 1190 4142 lexicographi
1212 4056 1324 4120 verbis
1354 4056 1461 4120 elucet
1481 4053 1544 4119 hoc
1565 4074 1698 4134 nomen,

259 4156 286 4218 si
315 4155 412 4222 modo
441 4167 532 4222 recte
561 4160 749 4223 restitutum
779 4169 838 4241 est,
867 4159 1033 4244 singulare
1068 4161 1168 4224 fuisse
1200 4158 1289 4246 apud
1319 4168 1450 4243 poetam
1473 4156 1577 4220 illurn.
1621 4154 1699 4220 Hac

256 4258 354 4321 etiam
373 4281 472 4324 causa
499 4282 577 4325 usus
609 4262 849 4349 circumscripti
881 4261 1058 4326 Teleclidis
1087 4251 1143 4326 illo
1178 4261 1220 4328 fr.
1258 4262 1301 4326 62
1337 4282 1410 4325 oum
1432 4259 1596 4325 Meinekio
1630 4279 1700 4322 nou

256 4360 463 4426 restituemus
484 4366 692 4445 papavereas,
715 4364 756 4428 de
780 4387 846 4451 qua
867 4365 973 4430 forma
995 4387 1102 4449 pauca
1124 4366 1189 4429 iam
1211 4363 1314 4428 verba
1337 4363 1401 4427 ieci
1424 4384 1456 4447 p.
1482 4361 1532 4428 λλ.

364 4596 386 4669 ¹)
405 4599 450 4654 cf.
469 4599 572 4654 similia
594 4601 643 4654 illa
664 4601 695 4654 in
713 4622 763 4672 μοι,
782 4619 854 4672 quae
873 4620 900 4671 p.
919 4602 954 4657 64
972 4601 1103 4657 tractavi.

363 4702 385 4774 ⁹)
421 4702 465 4756 De
484 4702 568 4757 huius
583 4704 698 4759 tabulae
717 4707 926 4760 constructione
949 4705 1106 4759 sententiae
1125 4705 1223 4760 variae
1241 4706 1370 4776 prolatas
1396 4706 1463 4756 sunt
1488 4699 1564 4771 apud
1590 4698 1698 4770 Pauly-

259 4787 401 4846 Wissovva
433 4808 455 4844 s.
485 4808 513 4844 v.
