3796 5518
800 444 1014 511 ..55-

185 627 286 713 Apud
317 629 515 715 Euripidem
552 632 605 697 El.
635 632 697 698 987
731 629 850 715 πικρὰν
879 626 908 696 δ’
940 622 997 708 ούχ
1026 625 1085 714 ‘idei
1116 626 1304 712 τάγώνισμά
1333 655 1389 714 μοι
1418 657 1531 701 sensus
1562 658 1632 702 esse

187 740 306 816 potest,
331 755 427 817 quem
451 734 525 797 dico
548 739 703 815 activum,
727 735 894 802 derivatus
919 760 937 800 a
960 735 1067 800 medio
1091 729 1311 814 ἀγωνίζεσθαι,
1341 738 1400 803 εοδ
1423 737 1537 802 eodem
1559 739 1630 802 iure

186 828 347 914 ἀγώνισμα
383 838 549 920 passivum
593 838 786 922 intellegere
832 840 919 919 licet,
963 836 1098 903 ductum
1142 838 1183 902 ab
1229 840 1339 906 activo
1376 833 1551 919 ἀγωνίζειν,
1594 853 1631 906 ut

186 932 336 1017 τύρευμα,
365 935 519 1020 χόρευμα,
557 940 598 1004 al.
659 940 733 1021 Quo
776 951 885 1006 autem
921 940 1019 1006 modo
1056 940 1269 1026 intellegendi
1305 943 1368 1006 sint
1401 965 1517 1007 versus
1548 944 1629 1010 Eur.

187 1038 246 1102 Ph.
272 1039 393 1121 ratolf)

483 1145 553 1212 πώς
574 1145 627 1206 καὶ
649 1149 834 1226 πέπρακται
857 1141 1021 1223 διπτύχων
1042 1147 1169 1209 παίδων
1194 1144 1296 1225 φόνος

477 1243 557 1326 ἀρᾶς
578 1241 609 1310 τ’
629 1241 778 1328 ἀγώνισμ’
797 1247 952 1331 Οἰδίπους
977 1247 1113 1333 σήμαινέ
1135 1271 1193 1328 μοι
1364 1323 1366 1328 Ι

188 1349 295 1414 adhuc
308 1371 372 1413 non
387 1350 538 1413 convenit
548 1352 635 1414 inter
646 1353 736 1417 viros
748 1353 872 1418 doctos.
896 1351 990 1432 Quae
1007 1374 1026 1414 a
1043 1351 1225 1416 scholiastis
1237 1351 1439 1437 praebentur
1453 1347 1632 1433 κατύραμα,

187 1443 224 1512 τὸ
247 1442 451 1531 ἀποτέλεσμα
467 1453 520 1536 τῆς
537 1444 625 1534 ἀρᾶς,
642 1451 679 1518 τὸ
690 1451 890 1534 κατόρθωμα
901 1453 956 1536 τῆς
972 1448 1060 1536 ἀρᾶς,
1074 1477 1213 1541 quorum
1225 1452 1354 1536 singula
1367 1452 1486 1537 singuli
1497 1475 1629 1539 recepe·

187 1566 272 1627 runt,
296 1556 328 1617 in
355 1554 466 1619 verbis
500 1555 626 1621 traditis
660 1560 788 1622 omnino
811 1581 876 1622 non
898 1560 1017 1622 insunt.
1061 1557 1112 1621 Ne
1135 1557 1363 1640 interpretatio
1386 1556 1518 1641 quidem
1542 1577 1627 1640 quae

189 1668 235 1721 est
252 1651 271 1716 ἀ
286 1651 320 1719 ἐκ
334 1657 392 1740 τῆς
407 1650 487 1737 ἀρᾶς
501 1655 641 1739 πόλεμος
657 1660 753 1724 facile
769 1684 787 1724 e
809 1662 921 1725 verbis
944 1661 1074 1724 traditis
1098 1660 1273 1745 colligitur,
1296 1681 1402 1744 neque
1418 1659 1631 1744 interpretari

187 1760 293 1824 audeo
332 1749 541 1836 ἀγωνίζεσθαι
570 1764 674 1847 ipsam
713 1760 771 1845 τὴν
809 1757 899 1845 ἀράν.
952 1764 1107 1828 Dubitari
1146 1784 1211 1827 non
1242 1783 1337 1850 posse
1373 1761 1450 1824 mihi
1487 1759 1628 1840 videtur,

188 1864 267 1946 quin
302 1854 383 1939 ἀρᾶς
413 1856 578 1941 ἀγώνισμα
606 1866 833 1949 accipiendum
864 1871 903 1930 sit
931 1858 970 1927 τά
1000 1863 1055 1948 τῆς
1084 1856 1165 1948 ἀρᾶς
1191 1857 1347 1944 ἀγωνίζου,
1378 1866 1398 1929 i.
1430 1885 1457 1928 e.
1486 1855 1591 1945 ἡάρά
1612 1858 1632 1944 ἡ

185 1957 383 2044 ἀγωνίζουσα,
407 1963 478 2029 dira
502 1965 636 2045 scilicet,
660 1989 726 2052 qua
749 1967 824 2031 tiliis
848 1976 1014 2032 certamen
1037 1977 1161 2031 motum
1186 1977 1245 2032 est.

229 2151 233 2157 Δ
295 2067 389 2132 Haec
426 2081 536 2132 autem
575 2091 614 2132 ea
651 2078 735 2151 sunt,
768 2092 852 2156 quae
881 2073 914 2134 in
944 2074 1134 2134 universum
1167 2071 1208 2134 de
1239 2091 1300 2133 usu
1334 2071 1499 2132 nominum
1529 2069 1562 2132 in
1583 2087 1627 2144 μα

186 2169 385 2257 participiali
424 2170 514 2254 apud
550 2179 666 2258 poetas
700 2176 845 2256 tragicos
879 2174 1028 2258 proferre
1063 2172 1162 2237 volui.
1230 2173 1301 2236 Iam
1335 2169 1507 2234 nonnullos
1536 2168 1627 2234 locos

187 2273 351 2356 copiosius
381 2284 524 2336 tractare
554 2275 632 2337 mihi
663 2274 771 2350 liceat,
810 2275 930 2359 quibus
959 2274 1052 2337 illum
1074 2273 1292 2357 significatum
1314 2283 1370 2337 aut
1391 2272 1628 2336 restituendum

188 2384 244 2438 aut
268 2375 514 2459 agnoscendum
537 2398 608 2439 esse
631 2377 709 2440 mihi
732 2380 891 2462 persuasi.

294 2476 434 2543 Offendo
458 2479 491 2541 in
513 2478 624 2542 verbis
647 2479 787 2542 Atossae
810 2481 954 2562 reginae,
978 2500 1062 2563 quae
1086 2478 1240 2560 leguntur
1263 2478 1320 2542 Pe.
1345 2476 1442 2553 17315

1068 2575 1241 2660 σύμβουλοι
1262 2577 1359 2656 λόγον

479 2679 576 2744 τοῦδέ
596 2703 652 2760 μοι
675 2684 819 2763 γένεσθε,
843 2685 978 2765 Πέρσαι,
1001 2682 1138 2764 γηραλέα
1157 2677 1358 2760 πιστώματα·

478 2780 586 2847 πάντα
607 2780 667 2864 γὰρ
690 2780 730 2846 τὰ
751 2777 836 2847 κέδν’
859 2779 895 2846 ἐν
916 2780 994 2864 ύμῖν
1016 2781 1086 2847 ἐστι’
1104 2805 1161 2861 μοι
1182 2779 1393 2866 βουλεύματα,

187 2910 297 2974 neque
328 2889 454 2969 dubito,
485 2889 562 2973 quin
594 2886 680 2951 hunc
709 2888 816 2952 locum
852 2900 1058 2951 correcturus
1089 2890 1149 2951 sim
1177 2889 1306 2952 nomine
1331 2887 1507 2951 substituto
1531 2886 1627 2967 signi-

185 2990 536 3076 ficatueparticipialis.
561 2984 761 3068 Πιστώματα
776 2993 861 3053 enim
877 3013 894 3053 e
911 3001 1029 3054 natura
1043 3013 1102 3053 sua
1114 2992 1414 3076 passivumtantum
1425 3011 1495 3054 esse
1508 2997 1626 3071 potest,

185 3093 277 3159 velut
292 3090 461 3174 πλήρωμα,
483 3082 615 3171 ἀξίωμα,
638 3084 801 3172 ἀνάλωμα,
824 3089 992 3173 πύργωμα,
1014 3088 1169 3172 κύκλωμα,
1191 3095 1341 3173 χείρωμα,
1364 3091 1416 3173 al,
1435 3113 1509 3156 cum
1524 3088 1627 3153 rerba

185 3199 221 3259 in
248 3217 292 3256 οω
323 3199 476 3258 exeuntia
505 3196 663 3280 imprimis
696 3194 839 3260 habeant
870 3195 1088 3279 significatum
1119 3195 1271 3274 faciendi,
1301 3197 1347 3257 ita
1376 3206 1413 3258 ut
1442 3194 1573 3257 nomina
1595 3192 1629 3253 in

185 3317 256 3377 ωμα
292 3319 422 3384 semper
460 3297 531 3362 fere
569 3299 633 3360 sint
668 3299 809 3384 passiva.
868 3297 966 3363 Nullo
998 3308 1108 3362 autem
1138 3317 1277 3383 usquam
1307 3297 1378 3362 loco
1409 3296 1505 3362 huius
1539 3294 1628 3358 modi

184 3422 302 3465 nomen
332 3402 365 3463 in
394 3419 466 3478 τομα
497 3399 537 3463 de
561 3399 743 3464 hominibus
766 3400 889 3465 dictum
911 3409 978 3480 est,
993 3403 1040 3464 ita
1061 3412 1097 3465 ut
1120 3423 1147 3464 e.
1171 3423 1200 3483 g.
1225 3397 1385 3478 δούλωμα,
1408 3393 1540 3481 κήδωμα
1560 3418 1624 3461 non
1724 3428 1727 3433 ·

186 3501 326 3568 dixerint
343 3502 473 3569 Graeci.
504 3491 566 3566 His
589 3501 629 3566 de
653 3505 759 3566 causis
775 3503 926 3586 analogia
942 3505 1059 3568 duetus
1075 3505 1249 3584 nominum,
1267 3524 1351 3587 quae
1367 3513 1441 3566 sunt
1456 3493 1626 3578 δούλευμα,

183 3603 353 3688 λάτρευμα,
382 3601 537 3688 κήδευμα,
566 3626 716 3690 propono
747 3604 858 3689 legere
889 3603 1099 3686 πιστεύματα,
1129 3608 1149 3670 i.
1181 3629 1207 3671 e.
1233 3600 1266 3665 οἱ
1285 3603 1397 3666 πιστοὶ
1419 3597 1517 3676 ὄντες,
1540 3623 1624 3687 quae

184 3709 370 3772 coniectura
393 3708 435 3772 ad
459 3707 523 3772 loci
557 3729 688 3772 sensum
722 3711 844 3792 optime
882 3710 1081 3794 respondeat
1116 3720 1149 3772 et
1185 3705 1282 3772 simili
1323 3706 1429 3770 sonitu
1466 3704 1522 3769 illo
1552 3725 1627 3767 ver·

183 3808 304 3875 borum
326 3807 530 3887 πιστεύματα
551 3820 584 3874 et
618 3809 821 3891 βουλεύματα
855 3813 996 3875 maxime
1027 3811 1283 3876 commendetur.
1335 3810 1374 3874 ln
1403 3829 1486 3872 voce
1516 3816 1628 3872 autern

183 3916 361 3996 πίστενμα,
385 3911 476 3997 quod
499 3925 548 3976 est
562 3909 600 3975 τδ
624 3906 744 3976 πιστὸν
766 3906 856 3995 εἶναι,
879 3936 943 3979 non
970 3922 1020 3978 est
1043 3936 1100 3978 cur
1124 3916 1197 3997 quis
1220 3913 1374 3991 offendat,
1398 3933 1471 3974 cum
1495 3909 1626 3990 legatur

183 4014 270 4100 apud
295 4014 437 4081 eundem
452 4015 654 4101 Aeschylum
679 4018 743 4098 Ag.
760 4015 859 4094 86819
882 4011 918 4078 ἐκ
940 4015 1045 4078 τώνδέ
1064 4037 1116 4079 τοι
1137 4021 1215 4085 παῖς
1237 4005 1351 4078 ἐνθάδ’
1370 4002 1407 4075 ού
1422 4015 1630 4091 παραστατεῖ

183 4111 270 4196 ἀμών
290 4136 327 4181 τε
349 4118 403 4180 καὶ
425 4115 490 4179 σών
511 4116 618 4201 κύριος
641 4116 881 4198 πιστενμάτων,
910 4119 977 4200 ubi,
1015 4141 1113 4204 quam
1143 4140 1256 4184 onmes
1277 4125 1475 4200 receperunt
1497 4114 1627 4178 coniec-

183 4230 291 4286 turam
320 4216 545 4300 πιστωμάτων,
574 4223 775 4308 superfluam
805 4222 904 4310 plane
934 4245 1006 4286 esse
1038 4232 1224 4308 cognoscet,
1260 4221 1314 4306 qni
1338 4218 1435 4282 altius
1457 4239 1527 4282 rem
1553 4238 1628 4301 per·

183 4326 337 4412 spexerit.
383 4322 495 4403 Quid?
518 4347 626 4390 nonne
659 4328 820 4405 πίστενμα
852 4347 922 4390 esse
956 4332 1066 4411 potest
1093 4316 1132 4387 τὸ
1162 4313 1282 4388 πιστὸν
1310 4310 1403 4396 εἶναι,
1436 4341 1509 4383 cum
1533 4318 1627 4402 apud

182 4427 375 4514 Euripidem
392 4425 441 4491 El.
454 4421 528 4506 256,
541 4427 597 4494 Tr.
611 4427 672 4493 501
687 4419 828 4507 ἀγνενμα
849 4430 891 4492 sit
905 4418 944 4490 τδ
960 4421 1062 4503 ἀγνδν
1073 4418 1175 4493 etant
1221 4423 1294 4488 Hoc
1318 4433 1428 4488 autem
1444 4420 1616 4505 Agamem-

184 4532 277 4594 nonis
292 4533 365 4595 loco
380 4531 659 4616 πίστεομααορυο
672 4539 723 4595 est
740 4552 794 4594 res
813 4529 948 4605 credita,
967 4531 1022 4615 qui
1045 4531 1161 4593 unicus
1182 4527 1320 4592 nominis
1342 4523 1542 4608 significatus
1573 4523 1629 4609 qui

181 4633 258 4698 ferri
275 4643 386 4718 posset
408 4631 599 4697 Hermanno
628 4632 815 4715 videbatur,
844 4653 952 4720 neque
982 4643 1031 4698 est
1059 4630 1137 4697 fidei
1165 4629 1360 4717 pigneratio,
1384 4626 1473 4713 quod
1496 4625 1617 4690 lexico-

181 4734 298 4821 graphi
334 4733 462 4814 volunt,
497 4735 556 4800 sed
589 4733 725 4802 Orestes
763 4735 882 4802 dicitur
917 4730 1024 4818 κύριος
1057 4733 1135 4800 fidei
1170 4746 1315 4814 mutuae,
1345 4733 1365 4798 i.
1388 4751 1418 4794 e.
1441 4731 1554 4793 uxoris
1584 4739 1615 4793 et

180 4838 289 4902 mariti
318 4836 417 4904 fidem
439 4839 582 4904 continet
611 4845 645 4903 et
675 4858 713 4902 eo
743 4841 828 4926 ipso,
848 4838 937 4924 quod
967 4847 1025 4920 est,
1055 4839 1281 4923 incorruptam
1314 4841 1436 4900 servat.
1481 4830 1627 4898 Pluralis
