3796 5518
870 376 1088 440 ...10-

252 563 398 650 puellam
410 561 626 647 significabat,
646 563 704 626 sed
719 560 819 648 plane
836 561 944 626 locum
962 561 1049 625 illius
1061 561 1240 626 indistincti
1255 561 1370 644 tragici
1384 567 1460 631 παῖς
1472 561 1657 648 occupabat
1668 565 1709 644 1).

252 667 305 732 111
327 667 448 732 factum
474 674 533 747 est,
568 675 603 729 ut
632 664 871 750 Aristophanes
905 665 1030 730 diceret
1064 663 1127 728 Av.
1164 663 1222 727 131
1258 661 1311 724 καὶ
1339 657 1378 724 σὺ
1415 663 1467 725 καὶ
1500 659 1539 726 τὰ
1578 665 1701 748 παιδία,

252 771 315 854 Ly.
342 769 421 834 1061
452 761 566 836 αὐτούς
597 788 633 830 τε
654 766 707 829 καὶ
728 763 767 828 τὰ
790 768 913 849 παιδία,
937 767 997 832 Τ11.
1023 768 1107 831 1206
1130 760 1172 835 ὥς
1202 761 1260 850 τὴν
1291 771 1421 844 γυναῖκα
1450 765 1502 829 καὶ
1530 761 1570 828 τὰ
1595 765 1709 832 παιδί’

253 869 367 948 οἴκαδε,
392 869 541 934 similiter
562 869 645 936 Ach.
670 869 742 951 132,
765 869 824 936 Ra.
847 869 920 952 581,
945 869 1037 950 1408,
1064 869 1114 934 Ρ1.
1138 869 1237 938 38314
1281 870 1374 950 1104,
1404 869 1445 935 11.
1475 870 1547 952 588,
1580 871 1704 956 quibus

253 972 403 1038 omnibus
425 973 507 1037 locis
529 994 659 1059 semper
681 972 844 1058 pluralem
869 972 936 1056 legi
960 973 1142 1037 monuerim
1169 971 1372 1057 (utsupra).
1419 970 1542 1036 Contra
1571 974 1629 1039 ubi
1659 973 1700 1040 de

253 1099 318 1141 uno
343 1087 430 1142 certo
446 1075 515 1141 filio
531 1077 639 1161 agitur
653 1076 792 1158 legimus
810 1074 858 1139 Pl.
875 1075 939 1139 250
960 1074 1012 1136 καὶ
1033 1067 1092 1157 τὴν
1113 1080 1243 1152 γυναῖκα
1266 1073 1319 1135 καὶ
1341 1070 1398 1136 τὸν
1422 1070 1493 1135 υἱὸν
1514 1068 1575 1137 τὸν
1589 1071 1691 1154 μόνον

253 1180 348 1261 Quae
378 1188 488 1243 autem
518 1187 626 1242 exstat
654 1177 796 1242 formula
828 1177 891 1240 Av.
919 1177 983 1242 130
1012 1175 1160 1254 δώσομεν
1182 1171 1258 1257 ὑμῖν
1281 1166 1396 1247 αὐτοῖς,
1423 1180 1546 1253 παισίν,
1570 1179 1698 1241 παίδων

253 1283 377 1363 παισίν,
402 1290 458 1344 aut
480 1302 498 1343 e
521 1279 766 1366 precationibus
790 1287 918 1366 sumpta
943 1288 1001 1358 est,
1032 1287 1088 1344 aut
1113 1278 1227 1342 eadem
1254 1301 1352 1343 causa
1385 1279 1498 1363 valuit,
1531 1303 1614 1366 quae
1649 1281 1706 1346 Pl..

253 1383 362 1464 61415,
385 1384 442 1446 ubi
465 1372 657 1458 εὐωχεῖσθαι
678 1373 761 1460 μετὰ
781 1381 845 1443 τῶν
868 1381 993 1442 παίδων
1015 1379 1076 1464 τῆς
1099 1400 1134 1443 τε
1157 1378 1306 1458 γυναικός
1328 1392 1428 1468 poeta
1450 1384 1579 1468 scripsit
1594 1392 1705 1448 metro

254 1496 396 1552 coactus.
442 1485 553 1550 Unum
575 1485 719 1569 regulae
747 1485 880 1548 videtur
911 1507 1095 1571 repugnare
1128 1486 1234 1570 primo
1269 1481 1398 1564 obtutu,
1435 1486 1524 1569 quod
1560 1484 1700 1568 legimus

253 1587 425 1675 Eupolidis
446 1587 484 1652 11.
508 1588 571 1652 233
593 1593 704 1665 γυυαῑκ
724 1582 869 1649 ’ἐκίνουν
889 1586 1044 1667 κολλύβου
1077 1587 1130 1648 καὶ
1163 1587 1267 1649 παῖδα
1298 1585 1352 1648 καὶ
1385 1591 1533 1668 γέροντα,
1567 1590 1701 1653 nomine

254 1706 364 1756 autem
386 1691 488 1753 παῖδα
511 1689 614 1753 filium
644 1689 699 1754 vel
722 1688 826 1754 filiam
850 1689 1027 1772 significari
1049 1692 1158 1775 potius
1181 1712 1279 1774 quam
1313 1711 1453 1776 puerum
1475 1691 1531 1754 111
1554 1690 1704 1778 puellam

253 1816 387 1880 prorsus
411 1800 536 1858 certum
557 1815 622 1856 non
646 1803 708 1858 est.

361 1896 400 1958 ln
421 1895 483 1959 hac
506 1915 541 1958 re
565 1915 663 1979 quam
681 1895 903 1958 demonstravi
917 1895 1024 1979 prima
1043 1916 1153 1958 sermo
1170 1895 1371 1978 tragicorum
1389 1917 1409 1958 a
1425 1897 1557 1959 comicis
1573 1894 1700 1960 recedit

254 1999 320 2064 alia
351 2009 460 2061 autem
489 1997 572 2060 haec
603 2005 660 2062 est.
712 1997 813 2083 Apud
836 1995 909 2060 illos
936 2002 1013 2065 παῖς
1036 2018 1109 2060 cum
1132 1999 1235 2081 patris
1268 1996 1322 2060 vel
1356 2007 1529 2082 parentum
1567 2000 1695 2063 nomine

230 2102 406 2184 coniungi
431 2121 529 2185 quam
552 2099 740 2183 saepissime
764 2099 857 2181 solet,
881 2099 973 2164 velut
997 2098 1049 2163 Ai.
1075 2102 1091 2163 1
1126 2087 1239 2161 ὦπαῑ
1256 2101 1405 2179 Λαρτίου
1440 2098 1577 2184 aliisque
1616 2101 1699 2166 locis

252 2203 434 2291 permultis.
480 2200 604 2265 Comici
626 2212 736 2266 autem
759 2201 845 2265 hunc
868 2224 963 2265 usum
985 2223 1150 2265 assumere
1173 2224 1239 2266 non
1255 2212 1419 2288 poterant,
1437 2204 1559 2288 quippe
1576 2204 1697 2289 quibus

254 2311 330 2375 παῖς
352 2327 417 2369 111
440 2313 506 2367 tam
530 2303 618 2367 filius
641 2326 739 2389 quam
763 2324 845 2387 puer
869 2311 962 2368 esset.
1008 2303 1246 2387 Aristophanes
1268 2327 1387 2369 nomen
1410 2301 1524 2375 παιδός
1552 2309 1595 2370 111
1620 2328 1695 2369 111·

253 2411 399 2472 iunctum
429 2428 494 2471 non
525 2407 707 2490 usurpabat
737 2407 798 2469 nisi
827 2407 860 2469 in
895 2406 1162 2488 canticis-velut
1198 2407 1261 2493 Eq.
1283 2407 1345 2472 561
1379 2395 1404 2468 ὦ
1442 2413 1602 2489 γεραίατιε
1634 2415 1704 2470 aaz·

251 2507 392 2590 Κρόνου,
417 2511 508 2573 cuius
526 2508 648 2572 similes
672 2517 745 2572 sunt
778 2531 893 2572 versus
915 2507 976 2572 Ve.
1002 2509 1094 2591 1466,
1117 2509 1180 2593 Ly.
1210 2512 1301 2592 1314,
1337 2511 1397 2575 111.
1423 2513 1494 2586 129,
1528 2512 1601 2593 991,
1633 2512 1693 2578 Ra.

253 2614 352 2693 12703
375 2613 475 2676 semel
496 2613 529 2675 in
551 2622 743 2675 tetrametro
768 2610 907 2695 legimus
936 2634 1053 2676 nomen
1080 2611 1164 2676 illud
1199 2614 1244 2676 sic
1274 2623 1477 2699 usurpatum,
1509 2613 1571 2677 Nu.
1612 2612 1696 2677 1048

250 2713 314 2777 τῶν
335 2712 392 2776 τοῦ
413 2705 493 2783 Διὸς
514 2712 648 2780 παίδων.
694 2712 931 2800 Quaecumque
954 2724 1064 2779 autem
1081 2724 1212 2779 exstant
1233 2717 1266 2778 in
1282 2717 1440 2797 trimetro,
1463 2739 1505 2779 ex
1526 2714 1697 2801 Euripidis

251 2816 372 2881 fabulis
395 2824 525 2903 sumpta
548 2829 631 2898 sunt,
653 2815 714 2879 Th.
739 2817 812 2899 891,
835 2817 908 2899 919,
935 2817 1027 2898 1113,
1049 2817 1108 2881 Ra.
1136 2818 1227 2898 1226,
1250 2819 1290 2881 11.
1313 2817 1386 2885 558.
1431 2818 1560 2882 Afferre
1583 2827 1694 2880 tamen

250 2941 316 2984 non
339 2920 502 2983 omiserim
525 2919 653 2980 παιδίον
676 2919 776 2983 semel
799 2942 873 2984 cum
895 2922 998 3004 patris
1021 2920 1152 2983 nomine
1177 2922 1385 2985 coniunctum
1418 2921 1494 3004 legi,
1527 2921 1585 2986 Pa.
1611 2918 1696 2984 1295

250 3018 318 3083 ποῦ
336 3042 393 3099 μοι
414 3016 451 3082 τὸ
475 3020 531 3082 τοῦ
554 3020 748 3100 Κλεωνύμου
769 3014 833 3083 ’στὶ
854 3021 1004 3104 παιδίον,
1034 3044 1072 3087 11
1106 3022 1231 3086 11111111
1253 3021 1293 3086 (11
1318 3046 1428 3104 111111,
1451 3023 1539 3111 quod
1562 3022 1701 3084 παιδίον·
1779 3055 1781 3058 -

251 3124 486 3188 deminutivum
509 3134 580 3188 erat
603 3134 634 3188 et
656 3125 794 3188 nominis
816 3117 933 3192 παιδός
957 3134 989 3187 11
1024 3126 1164 3188 nominis
1202 3121 1283 3188 υἱοῦ.
1328 3125 1396 3191 Ubi
1433 3138 1541 3190 autem
1574 3125 1693 3208 tragici

249 3235 329 3298 παῖς
367 3227 566 3310 scribebant,
599 3229 714 3292 comici
751 3238 807 3293 aut
840 3228 909 3292 solo
946 3230 1092 3312 genitivo
1124 3231 1265 3294 nominis
1298 3230 1475 3293 utebantur
1511 3229 1700 3313 praemisso·

250 3331 400 3413 articulo,
416 3333 470 3416 qui
487 3352 565 3394 usus
582 3331 672 3417 apud
688 3353 799 3394 omnes
815 3329 961 3396 Graecos
978 3331 1147 3396 sollemnis
1164 3340 1245 3414 erat,
1268 3342 1324 3397 aut
1346 3335 1476 3396 nomine
1498 3328 1578 3411 υἱοῦ,
1600 3329 1693 3394 velut

249 3432 313 3498 Nu.
339 3434 401 3497 134
425 3433 587 3501 Φείδωνος
608 3427 677 3502 vids
696 3429 898 3517 Στρεψιάδης
920 3429 1130 3516 transvisse,
1153 3435 1216 3499 Nu.
1243 3436 1334 3516 1001,
1358 3436 1418 3500 Vc.
1443 3434 1494 3506 98,
1510 3433 1583 3513 681,
1599 3431 1693 3518 1501,

249 3536 305 3600 Ρ1.
338 3537 430 3618 1290,
467 3536 527 3600 Ra.
550 3537 603 3617 22,
638 3535 748 3620 582,3,
793 3536 856 3600 111.
895 3534 1065 3617 θυγατρός,
1102 3546 1138 3602 ut
1170 3537 1229 3602 Ve.
1269 3540 1349 3604 1391
1384 3537 1440 3620 τῆς
1476 3526 1698 3614 Ἀγκυλίωνος

250 3641 426 3720 θυγατέρος
446 3638 498 3700 καὶ
520 3637 721 3722 Σωστράτης.

357 3741 504 3806 Tertium
516 3742 656 3827 denique
671 3741 812 3806 efficitur
827 3764 844 3806 1
860 3743 893 3805 11
908 3742 1083 3827 principali
1097 3743 1236 3807 nominis
1247 3737 1395 3811 παιδός1
1410 3742 1541 3806 comicis
1551 3749 1694 3818 servata,

248 3854 286 3909 ut
301 3845 391 3930 apud
407 3867 462 3908 eos
478 3843 627 3908 dominus
643 3866 774 3908 servum
791 3866 884 3909 suum
898 3851 977 3913 παῖς
992 3867 1112 3908 vocare
1135 3847 1246 3929 possit.
1291 3843 1388 3908 Hunc
1411 3867 1506 3910 usum
1531 3844 1696 3907 comicum

250 3958 358 4011 ortum
382 3968 451 4012 esse
474 3946 627 4010 familiari
643 3945 785 4031 quadam
802 3947 1036 4011 consuetudine
1059 3948 1143 4010 inter
1160 3945 1690 4026 (11111111111111111111111111,

249 4050 353 4114 itaut
376 4071 489 4113 servus
512 4049 570 4113 tilii
586 4048 659 4114 loco
674 4048 803 4114 habitus
827 4061 922 4131 esset,
946 4049 1053 4114 adhuc
1080 4047 1332 4131 contenderunt,
1357 4050 1414 4135 qui
1436 4073 1530 4115 usum
1551 4047 1695 4112 nominis

248 4144 368 4222 παιδός
390 4150 593 4234 ignorabant.
639 4151 735 4216 Hauc
758 4161 868 4215 autem
902 4154 1094 4216 sententiam
1134 4162 1257 4215 rectam
1291 4174 1354 4216 non
1391 4173 1471 4232 esse,
1505 4148 1562 4216 sed
1595 4171 1696 4214 usum

247 4253 340 4317 illum
364 4254 561 4317 comicorum
585 4253 770 4319 ducendum
793 4277 862 4318 esse
899 4278 916 4319 e
948 4255 1121 4342 principali
1155 4257 1189 4320 vi
1221 4257 1360 4320 nominis
1394 4254 1482 4340 quod
1511 4264 1691 4317 tractamus

249 4356 490 4420 demonstratur
514 4363 545 4417 et
569 4355 644 4439 illis,
668 4379 753 4442 quae
776 4359 841 4421 iarn
864 4356 905 4421 de
930 4380 967 4421 ca
1003 4359 1226 4442 cognovimus,
1260 4381 1366 4444 neque
1403 4358 1534 4421 minime
1571 4378 1611 4420 ea
1643 4377 1698 4436 11,

249 4457 337 4543 quod
359 4460 468 4519 τέκνον
489 4455 544 4520 111
567 4457 794 4543 1111111111,
819 4482 902 4545 quae
925 4469 1036 4525 natum
1061 4449 1439 4547 11111111111111111111
1462 4461 1509 4524 sic
1531 4466 1693 4542 usurpata

352 4627 376 4692 (¹
396 4624 441 4677 De
459 4625 626 4694 significatu
645 4627 768 4678 nominis
787 4621 907 4698 παιδίου,
926 4628 1045 4680 aliorum
1063 4627 1147 4680 nimis
1167 4644 1263 4681 severe
1288 4645 1379 4698 neque
1407 4626 1607 4680 convenienter
1626 4642 1692 4678 cum

247 4728 301 4763 usu
321 4713 490 4765 comicorum
510 4713 568 4782 egit
586 4712 795 4781 Aristophanes
814 4713 972 4782 Byzantius
991 4715 1021 4766 in
1033 4714 1108 4767 libro
1121 4731 1172 4766 suo
1192 4717 1249 4791 περὶ
1267 4711 1426 4783 ὀνομασίας
1445 4713 1564 4782 ἡλικιῶν,
1583 4711 1618 4764 de
1632 4727 1696 4781 quo

248 4796 285 4851 cf.
303 4797 404 4852 Nauck
423 4797 512 4852 Arist.
531 4799 599 4869 Byz.
620 4799 782 4870 fragmenta
800 4818 828 4869 p.
847 4801 888 4858 88.
