3796 5518
890 430 1101 496 „30-

276 617 430 684 vocabuli
452 620 556 701 magis
579 628 747 703 appareat,
769 616 918 682 conferas
942 639 969 683 e.
992 639 1023 702 g.
1054 610 1190 699 αὐλήτης
1224 625 1256 682 et
1291 609 1425 702 αὐλητής
1454 639 1552 704 quarn
1581 617 1711 681 diverse

273 731 399 786 sonent.
443 720 605 807 Apertum
630 727 739 784 autern
761 720 839 784 mihi
861 732 910 786 cst
933 721 1078 786 Graecos
1102 743 1194 785 suum
1226 719 1381 784 suffixum
1412 742 1468 804 της
1495 721 1586 785 initio
1609 724 1711 787 uomi-

271 825 367 888 nibus
390 833 513 888 tantum
536 823 715 906 adiungere
738 823 850 888 solitos
874 847 953 903 esse,
977 825 1098 910 quippe
1122 845 1197 887 cum
1221 824 1263 888 ad
1286 822 1434 887 verbalia
1456 824 1627 888 formanda
1651 847 1712 909 τηρ

271 925 353 990 illud
388 949 408 990 a
439 926 617 990 maioribus
646 927 850 1010 accepissent
882 925 1022 990 necdum
1059 926 1260 990 reiecissent.
1314 925 1443 989 Deinde
1482 936 1600 1006 autern,
1636 949 1711 990 cum

272 1026 473 1112 significatus
509 1029 721 1093 nominalium
752 1027 794 1092 ad
827 1028 995 1092 verbalem
1033 1027 1205 1091 accederet
1239 1036 1356 1092 natura
1389 1050 1458 1104 sua,
1489 1028 1530 1092 cf.
1568 1024 1711 1111 τοξότης,

274 1125 417 1215 ἀγρότης,
451 1129 604 1196 suffixum
639 1151 693 1212 της
731 1131 774 1194 ad
808 1130 957 1195 verbalia
992 1130 1188 1194 translatum
1226 1141 1285 1212 est,
1324 1153 1388 1214 qua
1422 1131 1455 1192 in
1485 1151 1520 1194 re
1543 1143 1713 1196 accentum

273 1235 391 1322 prioris
414 1234 500 1298 illius
522 1254 581 1317 τηρ
605 1233 733 1317 accepit
755 1224 810 1313 ita,
833 1243 879 1313 ut,
904 1255 977 1297 cum
1002 1235 1134 1296 nomina
1156 1255 1175 1295 a
1198 1235 1299 1319 stirpe
1321 1234 1420 1297 ducta
1440 1241 1590 1297 naturam
1612 1235 1713 1320 nomi·

273 1337 396 1401 nalium
430 1347 656 1422 sequerentur,
694 1358 775 1400 vera
811 1334 870 1398 illa
902 1335 1051 1399 verbalia
1073 1337 1106 1398 in
1126 1355 1183 1419 της
1207 1337 1314 1399 omnia
1337 1335 1406 1398 fere
1429 1345 1574 1419 oxytona
1597 1334 1714 1400 fierent

273 1441 386 1524 paucis
400 1461 484 1524 quae
498 1461 597 1524 supra
612 1437 706 1502 attuli
720 1439 874 1523 exceptis,
886 1460 1025 1523 quorum
1037 1447 1147 1502 tamen
1161 1439 1202 1502 de
1211 1448 1348 1502 accentu
1359 1437 1553 1523 plerumque
1567 1437 1714 1502 dissenti-

243 1553 331 1606 unt
353 1544 566 1626 grammatici.
612 1541 685 1605 Hac
709 1541 750 1605 de
774 1563 872 1605 causa
895 1534 1023 1624 ἀλήτης,
1052 1537 1222 1624 πλανήτης,
1261 1541 1325 1604 alia
1359 1561 1423 1604 nou
1460 1562 1531 1604 esse
1564 1539 1715 1604 verbalia

275 1643 445 1709 contende.

383 1747 510 1810 Eadem
534 1757 641 1810 autem
668 1757 717 1810 est
739 1768 846 1827 causa,
875 1768 939 1831 qua
961 1768 1079 1810 nomen
1103 1739 1272 1829 ἅσπτστης,
1302 1745 1391 1831 quod
1413 1746 1551 1829 legimus
1573 1746 1619 1810 Ιο.
1645 1745 1718 1826 198,

274 1849 325 1916 El.
350 1850 427 1929 444,
455 1848 616 1913 nominalc
650 1847 758 1912 dicere
788 1871 853 1912 non
875 1871 1018 1935 possum,
1050 1850 1139 1934 quod
1163 1849 1392 1926 Kuehnerus¹)
1417 1860 1449 1912 et
1472 1848 1541 1912 Leo
1563 1848 1714 1932 Meyer²l

275 1951 316 2015 ab
346 1954 417 2035 ipso
448 1951 652 2014 substantivo
685 1943 782 2019 ἀσπίς
813 1950 1053 2034 derivaverunt,
1085 1974 1158 2016 cum
1181 1950 1442 2036 Bragmannus³l
1467 1974 1564 2016 ausus
1586 1973 1650 2014 non
1673 1953 1716 2013 sit

274 2077 343 2117 rem
367 2054 554 2118 diiudicare.
601 2053 743 2118 sienim
775 2053 823 2116 illi
853 2056 915 2117 viri
945 2054 1033 2118 docti
1056 2065 1146 2118 recte
1168 2054 1376 2132 iudicassent,
1398 2055 1606 2119 scribendum
1631 2064 1716 2118 esset

274 2146 443 2238 ἄσπίστης,
473 2168 508 2220 ut
538 2152 692 2238 κεράστης
721 2156 839 2238 legitur
869 2157 922 2222 Pr.
954 2158 1026 2232 701,
1056 2156 1116 2241 Cy.
1139 2157 1190 2222 52.
1243 2157 1382 2221 Accedit
1404 2158 1492 2243 quod
1514 2157 1628 2221 formis
1649 2155 1716 2220 illis

275 2259 451 2344 paralleliS,
482 2275 564 2343 quas
595 2259 659 2322 iam
683 2258 788 2338 attuli,
817 2249 981 2342 ἄσπιστηρ
1011 2258 1131 2323 Aesch.
1156 2258 1211 2325 Su.
1237 2261 1298 2324 188
1322 2270 1353 2324 et
1374 2255 1541 2339 ἀσπίστωρ
1564 2260 1627 2341 Ag.
1650 2259 1716 2322 413

273 2362 404 2426 illorum
427 2362 588 2426 sententia
611 2360 784 2438 refutatur,
807 2371 837 2426 et
859 2363 983 2426 suffixis
1011 2383 1069 2444 τηρ
1095 2385 1159 2442 τωρ
1182 2363 1326 2426 verbalis
1349 2363 1440 2446 origo
1463 2360 1714 2425 demonstratur.

274 2465 302 2527 Ε
334 2463 444 2528 verbis
478 2474 587 2528 autem
622 2465 820 2550 compositis,
854 2487 939 2550 quae
974 2474 1115 2538 exstant,
1152 2484 1239 2544 παρ·
1272 2478 1304 2528 et
1334 2461 1538 2534 συνασπίζειν
1567 2464 1714 2527 elicimus

274 2567 413 2652 simplex
444 2558 603 2646 σῖσττίζειν,
634 2565 722 2652 quod
750 2569 887 2632 nominis
917 2567 1166 2632 fundamentum
1197 2590 1266 2632 esse
1296 2568 1451 2631 dicamus.
1503 2567 1576 2630 Non
1605 2573 1714 2630 autem

275 2668 370 2732 aliter
398 2691 451 2733 res
479 2692 513 2732 se
544 2668 643 2733 habet
672 2670 704 2731 in
728 2669 901 2733 Homerico
925 2669 979 2734 illo
997 2666 1150 2752 κορυστης
1180 2670 1218 2733 ll.
1244 2671 1293 2750 16,
1315 2671 1378 2735 603
1403 2681 1434 2732 et
1455 2665 1609 2754 αἰχμητής
1631 2668 1712 2734 Hec.

276 2771 345 2851 118,
362 2768 418 2836 Or.
430 2771 501 2852 754,
526 2770 565 2834 dc
579 2793 643 2857 quo
657 2793 756 2857 supra
769 2793 801 2854 p.
815 2773 854 2836 77
867 2794 974 2857 pauca
986 2774 1050 2835 iam
1064 2771 1141 2837 dixi.
1181 2772 1231 2836 Ne
1243 2770 1401 2856 κηδεστὴς
1414 2772 1548 2856 quidem
1560 2772 1624 2850 (Al.
1642 2773 1716 2852 731,

277 2873 356 2937 Hec.
391 2875 466 2948 834)
501 2872 543 2938 ab
573 2877 644 2958 ipso
677 2876 806 2938 nomine
838 2874 933 2955 κῆδος
964 2872 1150 2941 ducendum
1173 2883 1231 2952 est,
1262 2875 1350 2960 quod
1373 2873 1441 2937 Leo
1464 2873 1616 2959 Meyer⁴l
1639 2895 1713 2938 con·

275 2976 390 3056 tendit,
427 2981 622 3061 praesertim
660 3000 733 3040 cum
773 2977 878 3040 forma
913 2978 1068 3041 feminina
1108 2979 1148 3041 sit
1184 2978 1365 3059 κηδέστρτα,
1405 2975 1446 3040 de
1484 2999 1548 3063 quo
1594 2998 1714 3060 genere

273 3079 540 3171 formandimox
574 3080 689 3143 dicam.
747 3078 821 3159 Quo
853 3080 993 3164 denique
1025 3080 1121 3144 modo
1152 3096 1312 3163 πενεστης
1341 3080 1419 3145 Her.
1444 3081 1516 3162 639,
1541 3080 1602 3144 Ve.
1631 3079 1713 3144 1274

274 3204 351 3246 sono
376 3183 579 3247 efferendum
603 3192 701 3262 esset,
723 3183 806 3245 inter
829 3183 916 3266 ipsos
939 3191 1069 3246 veteres
1093 3184 1323 3266 grammaticos
1346 3205 1410 3245 non
1434 3183 1595 3248 convenit.
1625 3179 1713 3244 Num

273 3284 460 3370 Stephanus
498 3285 700 3370 Byzantinus
740 3308 763 3348 s.
797 3306 828 3348 v.
868 3285 1053 3369 analogiam
1091 3288 1230 3349 nominis
1265 3280 1416 3368 Ὀρέστης
1453 3293 1584 3350 secutus
1622 3294 1714 3347 recte

273 3389 478 3473 praeceperit
500 3391 666 3470 πενέστης,
689 3387 833 3451 dubitari
857 3409 1061 3474 summopere
1084 3398 1201 3474 potest.

379 3507 425 3571 Ut
448 3517 557 3572 autem
580 3507 721 3572 celerius
746 3508 897 3590 cognosci
920 3516 952 3571 et
975 3507 1091 3571 melius
1114 3511 1298 3593 comparari
1321 3509 1434 3594 possit,
1457 3529 1542 3593 quae
1565 3508 1606 3570 sit
1628 3507 1714 3568 ratio

272 3613 416 3674 numeris
440 3632 599 3694 expressa
622 3609 824 3692 singulorum
847 3613 1010 3674 nominum
1033 3633 1190 3695 generum
1215 3611 1304 3696 apud
1328 3610 1472 3694 singulos
1487 3619 1613 3696 poetae,
1629 3606 1715 3670 hauc

273 3711 359 3778 addo
382 3713 541 3777 tabulam.

737 3868 855 3934 Aescb.
923 3867 1022 3954 Soph.
1090 3868 1167 3931 Eur.
1235 3866 1336 3931 Arist.

596 3991 661 4048 τωρ
781 3972 821 4035 31
954 3974 990 4035 11
1111 3971 1155 4034 20
1285 3972 1301 4033 1

596 4095 655 4156 τηρ
781 4075 824 4138 44
952 4075 993 4139 26
1112 4073 1155 4137 30
1264 4073 1303 4136 13

596 4175 688 4242 verb.
781 4179 822 4243 39
952 4176 994 4242 50
1112 4176 1151 4240 61
1262 4175 1303 4239 62

486 4250 542 4310 '⁷²‘
595 4302 680 4344 nom.
784 4280 822 4344 18
950 4281 999 4355 24.
1113 4278 1152 4342 ar
1262 4277 1303 4341 aa

376 4549 398 4620 1)
416 4549 434 4605 l.
454 4549 472 4604 l.
493 4547 507 4601 l
525 4549 551 4616 2,
569 4550 629 4604 295.

375 4654 398 4725 ²)
416 4651 579 4706 Handbuch
597 4652 626 4705 II
645 4652 705 4706 275.

374 4760 396 4826 ³)
415 4756 539 4812 Grundr.
558 4756 586 4810 Il
607 4759 630 4821 1,
648 4756 708 4812 226.

374 4863 396 4935 ⁴)
415 4860 577 4915 Handbuch
596 4860 625 4914 Il
643 4861 703 4916 275.
