3796 5518
865 1203 1132 1342 VITA.

941 1489 1045 1500 ——.

384 1643 545 1709 Paulus
588 1641 736 1728 Meuge
779 1651 875 1706 natus
919 1663 991 1706 sum
1028 1663 1057 1705 a.
1095 1639 1126 1706 d.
1161 1638 1245 1706 XIV
1282 1638 1358 1705 Kal.
1391 1641 1476 1707 Nov.
1517 1643 1591 1707 anui
1637 1623 1720 1708 1882

283 1747 470 1832 Hamburgi
511 1754 605 1834 patre
635 1744 756 1812 Oarolo
803 1753 907 1810 matre
946 1741 1105 1810 Mathilde
1133 1766 1151 1807 e
1182 1751 1280 1828 geute
1320 1742 1414 1824 Beth,
1457 1742 1578 1830 quibus
1614 1743 1721 1809 adhuc

283 1848 475 1916 viventibus
495 1849 634 1934 gaudeo.
665 1848 761 1916 Fidei
797 1849 948 1915 addictus
985 1869 1057 1913 sum
1095 1845 1314 1933 evangelicae.
1376 1846 1494 1911 Primis
1533 1846 1716 1913 litterarum

284 1955 451 2020 elementis
473 1954 618 2019 imbutus
632 1954 760 2039 patriae
775 1974 869 2018 meae
880 1953 1090 2039 gymnasium
1106 1948 1170 2015 adii
1183 1949 1400 2032 Johauueum,
1416 1952 1507 2016 euius
1521 1972 1580 2036 per
1595 1959 1718 2036 septem

283 2079 385 2124 anuos
414 2057 594 2144 discipulus
623 2057 679 2122 lui.
724 2056 855 2122 Deinde
886 2078 959 2121 cum
988 2065 1083 2141 pater
1112 2051 1304 2139 Gottingam
1333 2054 1516 2138 migrasset,
1548 2075 1608 2139 per
1637 2053 1720 2119 duos

283 2183 385 2226 anuos
406 2161 615 2248 frequentavi
646 2159 747 2226 huius·
766 2160 857 2225 urbis
879 2159 1086 2245 gymnasium
1109 2160 1244 2242 regium.
1289 2155 1370 2222 Inde
1394 2179 1414 2221 a
1436 2177 1514 2220 vere
1537 2158 1613 2222 anui
1637 2157 1718 2224 1901

282 2266 315 2330 iu
344 2264 406 2330 lrac
446 2264 615 2330 academia
645 2263 761 2329 studiis
794 2262 1000 2350 philologieis
1043 2269 1076 2326 et
1117 2259 1278 2325 historicis
1309 2281 1443 2346 operam
1472 2257 1514 2324 do
1544 2280 1649 2345 usqne
1679 2258 1721 2325 ad

282 2366 369 2434 huuc
403 2368 490 2433 diem
524 2375 664 2456 excepta
701 2368 777 2432 anni
816 2367 898 2432 1903
933 2373 1068 2444 aestate,
1097 2385 1194 2450 quam
1226 2365 1256 2428 in
1285 2365 1499 2428 universitate
1528 2362 1720 2428 Monacensi

282 2471 406 2557 peregi.
457 2471 650 2537 Doeueruut
679 2480 789 2535 autem
818 2491 871 2535 me
899 2470 963 2534 viri
991 2467 1200 2533 illustrissimi
1235 2476 1268 2530 et
1299 2464 1475 2530 doctissimi
1505 2465 1720 2530 Monacenses

283 2571 477 2656 Orosius,
501 2572 843 2658 Furtwaengler,
866 2571 1038 2656 Heigcl,
1058 2559 1718 2650 Mueller,Traubsjwoelfflin,

283 2675 518 2764 Gottiugenses
542 2677 772 2760 Baumanu,
795 2674 967 2757 Brundi,
990 2674 1156 2756 Busolt,
1181 2671 1374 2757 Dilthey,
1397 2667 1594 2752 Husscrl,
1616 2669 1719 2735 Leh-

281 2801 418 2864 mann,
455 2780 556 2863 Leo,
595 2779 681 2847 Guil.
712 2781 872 2866 Meyer,
909 2777 1095 2860 Mollwo,
1133 2775 1220 2843 Guil.
1251 2775 1449 2856 Schulae,
1487 2773 1720 2858 Schwartz,

282 2881 426 2967 sethe,
455 2883 591 2966 Stein,
624 2881 806 2964 Viertel,
836 2879 1159 2967 Wackernagel,
1188 2876 1395 2950 Wentzel‚
1425 2875 1546 2964 quibus
1569 2875 1719 2942 omuibus

283 2985 427 3052 debitam
466 2990 608 3064 gratiam
645 2987 751 3053 habeo
785 3007 980 3072 semperque
1009 2982 1149 3065 habebo,
1178 2983 1338 3068 imprimis
1367 2989 1478 3047 autem
1506 2979 1719 3061 Busoltio,

282 3090 429 3176 Leoni,
463 3090 744 3173 schwartzio,
784 3111 923 3177 quorum
959 3099 1076 3176 parato
1112 3107 1242 3174 semper
1276 3093 1309 3150 et
1341 3083 1481 3168 benigno
1514 3081 1651 3149 consilio
1685 3083 1718 3148 iu

282 3196 400 3262 studiis
420 3199 501 3262 meis
522 3195 600 3263 iude
613 3193 664 3261 ab
688 3195 779 3262 initio
801 3191 919 3260 ductus
940 3213 1013 3260 sum
1036 3198 1136 3278 atque
1158 3196 1367 3259 sustentatus.
