3796 5518
869 441 1078 507 -20-

254 650 380 710 servae,
398 651 438 692 ea
453 626 556 692 verba
574 625 729 692 blandam
753 625 885 711 quidem
907 628 1163 714 appellationem
1181 633 1331 715 accipere
1347 655 1411 698 non
1426 633 1512 710 licet,
1525 633 1615 697 velut
1629 635 1698 699 Th.

255 731 338 796 1184
353 731 502 796 saltatrix
520 729 676 815 aScytha
692 725 871 813 θυγάτριον
881 743 1030 813 vocatur,
1047 769 1081 778 —
1102 755 1168 796 non
1185 735 1270 798 enim
1286 734 1494 821 appellantur
1509 758 1624 800 servae
1643 773 1699 820 —,

253 833 312 898 sed
335 833 481 898 iudicare
506 831 664 898 debemus
686 833 848 898 imitatum
872 856 941 898 esse
965 845 1133 899 auctorem
1153 857 1248 900 usum
1272 838 1409 902 nominis
1431 844 1509 908 παῖς
1531 838 1572 902 de
1595 861 1694 905 servo

253 935 341 1018 dicti,
374 958 473 1021 quem
505 957 569 1000 non
604 946 693 1001 recte
722 935 932 1002 intellexerat
962 938 1066 1000 παῖδα
1095 937 1197 1002 filium
1227 941 1471 1023 interpretatae,
1503 962 1600 1025 quam
1622 963 1692 1006 rem

252 1060 352 1125 supra
373 1041 573 1125 impugnavi.
606 1038 705 1105 Oerte
729 1050 855 1105 rectum
877 1063 941 1106 non
965 1052 1015 1106 est
1038 1051 1182 1107 statuere
1199 1043 1228 1105 ei
1244 1039 1461 1125 significatum
1476 1044 1692 1128 principalem

251 1141 395 1226 puellae,
427 1144 454 1206 si
486 1142 584 1208 modo
618 1142 646 1205 is
677 1150 726 1206 est
756 1144 956 1228 principalis,
985 1156 1098 1209 notum
1129 1145 1238 1226 fuisse,
1271 1165 1377 1228 neque
1399 1143 1484 1209 bene
1507 1145 1692 1213 Ellendtius

252 1242 375 1328 aliique
408 1243 464 1309 illo
497 1243 571 1309 loco
604 1245 744 1309 fortasse
781 1247 844 1310 nisi
873 1246 1047 1311 lectionem
1080 1246 1234 1312 traditam
1265 1246 1483 1312 defenderunt
1514 1245 1582 1314 OT.
1612 1249 1689 1315 1101

251 1349 298 1415 τίς
335 1339 467 1410 σ’ἔτικτε
502 1345 565 1409 τῶν
597 1342 821 1429 μακραιάνωνς
870 1338 933 1430 ἆρα
967 1341 1078 1419 Πανὸς
1119 1341 1311 1430 ὀρεσσιβάτα
1355 1343 1636 1431 προσπελασθεῐά
1672 1343 1692 1436 ἢ

253 1454 292 1512 σέ
322 1453 358 1528 γέ
377 1450 458 1528 σις’)
480 1443 627 1533 θυγάτηρ
648 1450 792 1532 Λοξίον;
824 1451 882 1515 ubi
912 1473 986 1515 cum
1009 1451 1077 1516 filia
1107 1450 1270 1536 Apollinis
1300 1451 1446 1536 intellegi
1476 1475 1540 1517 non
1573 1464 1694 1539 posset,

251 1551 412 1635 θυγατέρα
449 1561 648 1638 acceperunt
684 1552 830 1637 puellam
867 1552 915 1617 illi
952 1556 1015 1618 viri
1053 1555 1150 1620 docti.
1205 1555 1280 1620 Non
1311 1555 1510 1619 enumerabo
1541 1564 1588 1620 tot
1619 1556 1694 1622 illae

252 1657 465 1735 coniecturas,
504 1675 588 1740 quae
624 1658 815 1741 propositae
853 1665 943 1736 sunt3
979 1657 1013 1720 id
1053 1664 1179 1722 tantum
1217 1655 1355 1722 dixerim
1385 1657 1505 1723 Arndti
1549 1649 1570 1742 ἢ
1608 1664 1646 1722 σέ
1665 1651 1701 1739 γ”

252 1751 417 1835 εὐνάτειρά
437 1777 493 1839 τις,
517 1757 573 1842 qui
595 1758 749 1842 strophae
772 1779 871 1824 versu
896 1761 978 1825 1090
998 1752 1054 1821 οὐκ
1076 1755 1133 1842 ἔσῃ
1155 1755 1215 1821 τὸν
1237 1753 1347 1840 αὔριον
1370 1760 1526 1842 defendit,
1552 1765 1698 1827 maxime-

251 1859 330 1924 mihi
353 1860 526 1946 placuisse.
1107 1859 1108 1862 '

360 1963 442 2030 Oum
466 1975 573 2029 autem
595 1963 741 2030 Ellendti
765 1963 969 2051 aliorumque
992 1963 1181 2030 defensione
1205 1966 1353 2050 quaestio
1377 1968 1515 2047 ortasit,
1537 1967 1699 2033 hocloco

253 2065 293 2133 de
316 2087 494 2151 progressu
518 2075 574 2132 aut
596 2089 749 2150 regressu
772 2067 973 2150 significatus
996 2089 1108 2130 eorum
1131 2071 1307 2148 nominum,
1324 2091 1408 2153 quae
1428 2071 1599 2135 tractanda
1614 2072 1692 2135 milri

251 2169 419 2254 proposui,
441 2168 600 2234 nonnulla
622 2170 757 2234 uberius
781 2170 890 2235 dicere
913 2170 990 2233 mihi
1014 2169 1120 2234 liceat.
1165 2170 1216 2234 Ac
1239 2172 1381 2254 primum
1404 2180 1582 2252 teneamus,
1606 2175 1696 2258 quod

253 2272 395 2337 adhunc
409 2269 478 2340 OT.
494 2271 627 2337 l'abulae
644 2273 750 2338 locum
767 2274 921 2359 pertinet,
937 2295 976 2336 ea
992 2273 1122 2336 nomina
1138 2293 1223 2356 quae
1246 2272 1421 2357 specialem
1445 2275 1610 2359 quandam
1627 2279 1698 2341 virn-

250 2375 439 2457 induerunt,
485 2374 559 2440 dico
592 2370 710 2458 πατήρ,
740 2373 855 2458 μήτηρ,
890 2370 968 2452 υἷάς,
998 2371 1153 2456 θυγάτηρ,
1182 2374 1257 2454 alia,
1280 2374 1323 2438 ad
1345 2376 1562 2459 significatum
1599 2402 1695 2444 suum

253 2478 452 2562 generalem,
484 2479 528 2542 ita
560 2487 598 2544 ut
632 2501 659 2544 e.
691 2501 722 2562 g.
756 2468 847 2561 άνήρ,
877 2474 961 2560 γονὴ,
994 2481 1128 2559 νεανίας,
1159 2478 1335 2558 παρθένος,
1365 2478 1406 2541 α1.
1430 2479 1540 2544 lutura
1561 2481 1700 2564 tuerint,

252 2604 430 2666 numquam
460 2580 593 2646 redisse.
638 2582 795 2646 Inversus
825 2589 935 2646 autem
958 2579 1050 2661 ordo,
1072 2591 1107 2644 nt
1130 2579 1256 2644 scilicet
1277 2581 1327 2643 vis
1348 2581 1512 2663 generalis
1534 2584 1633 2648 abeat
1659 2587 1693 2649 in

253 2683 440 2770 specialem,
471 2685 647 2765 invenitur,
672 2706 737 2748 non
767 2691 876 2747 tamen
909 2685 964 2759 ita,
988 2694 1023 2747 ut
1046 2683 1111 2746 late
1133 2705 1211 2747 usus
1234 2693 1356 2767 pateat.
1401 2684 1512 2770 Atque
1538 2709 1585 2768 ea,
1609 2710 1693 2772 quae

252 2789 359 2871 prima
389 2789 435 2850 ita
464 2798 621 2872 usurpata
651 2797 735 2868 sunt,
766 2808 877 2850 omnes
900 2786 1020 2851 Graeci
1052 2796 1258 2869 receperunt,
1286 2785 1378 2849 velut
1401 2777 1493 2869 άνὴρ,
1517 2785 1605 2871 γυνή,
1627 2794 1700 2853 θν-

253 2883 364 2971 γάτηρ,
387 2892 474 2965 παῖς,
499 2888 541 2952 de
563 2890 655 2952 cuius
677 2890 835 2974 postremi
857 2910 919 2952 usu
942 2889 1189 2972 circumscripto
1213 2909 1314 2970 supra
1336 2889 1398 2972 egi.
1437 2889 1564 2954 Horum
1587 2905 1693 2958 autem

255 2990 408 3073 analogia
443 3012 527 3075 quae
561 2991 702 3055 formata
732 3002 814 3072 sunt,
848 2991 964 3074 tragici
996 2990 1058 3053 sibi
1091 3003 1354 3071 reservaverunt,
1385 3013 1524 3076 quorum
1555 2997 1694 3060 maxime

254 3093 385 3178 quidem
408 3092 583 3179 Euripides
604 3093 680 3157 talis
701 3096 831 3178 generis
853 3095 984 3157 nomina
1007 3094 1160 3158 excoluit.

359 3193 459 3281 Apud
494 3195 581 3259 hune
618 3198 704 3259 enim
740 3197 879 3280 legimus
915 3198 1081 3277 παρθένος
1114 3219 1173 3280 pro
1209 3195 1277 3260 filia
1310 3195 1477 3278 diccunt),
1515 3196 1570 3264 Or.
1613 3202 1701 3266 1536-

253 3300 422 3380 παρθένον
465 3318 502 3361 τε
536 3299 587 3361 καὶ
623 3294 770 3378 δάμαρτα
807 3294 864 3361 δύο
898 3292 997 3379 νεκρὼ
1033 3298 1223 3382 κατόψεται,
1259 3296 1314 3365 Or.
1354 3301 1406 3376 22,
1435 3301 1486 3382 64,
1532 3301 1587 3368 Tr.
1622 3303 1696 3379 484,

253 3401 313 3468 Ph.
339 3403 431 3484 1430,
461 3402 520 3465 ΙΑ.
542 3402 596 3482 49,
627 3402 701 3482 714,
725 3403 819 3484 1107,
850 3404 942 3466 1267.
988 3401 1076 3484 Quin
1099 3404 1196 3467 etiam
1219 3410 1391 3487 parentum
1414 3425 1532 3468 nomen
1554 3405 1703 3489 additur,

252 3504 313 3569 IA.
343 3504 416 3586 494,
454 3505 511 3570 IT.
544 3505 638 3586 1230,
674 3505 747 3572 HF.
777 3506 849 3588 834,
887 3506 946 3570 Ph.
979 3507 1050 3588 159,
1087 3507 1127 3569 fr.
1157 3505 1221 3571 515
1258 3501 1372 3574 Οἰνεὺς
1400 3557 1407 3570 .
1432 3556 1438 3570 .
1464 3556 1502 3571 ..
1549 3499 1587 3577 ὅς
1618 3503 1694 3570 ποτ’

249 3599 409 3672 Ἀλθαίαν
436 3613 538 3689 γαμεῖ,
571 3601 689 3692 Λήδας
720 3601 870 3688 ὅμαιμον,
901 3609 1039 3671 Θεστίου
1061 3606 1096 3670 δέ
1118 3609 1294 3688 παρθένον.
1339 3608 1565 3674 Audacissime
1584 3620 1698 3674 autem¹

253 3723 352 3797 poeta
375 3705 540 3793 Oedipum
563 3709 786 3796 appellantem
808 3712 887 3774 facit
909 3710 1009 3774 filiam
1032 3698 1057 3772 ὦ
1080 3712 1229 3791 παρθένε
1256 3709 1313 3775 Ph.
1341 3711 1432 3792 1539,
1465 3711 1552 3796 quod
1576 3734 1694 3776 caveas

254 3837 295 3879 ne
332 3835 392 3899 pro
429 3812 542 3898 puella
580 3813 702 3878 dictum
741 3837 812 3878 esse
849 3812 1031 3897 intellegas,
1065 3822 1101 3876 ut
1133 3819 1209 3881 παῖς
1241 3834 1301 3898 pro
1335 3834 1449 3899 puero.
1501 3814 1575 3879 Non
1609 3816 1696 3878 enim

255 3918 465 4003 appellantur
509 3915 596 3980 filiae
634 3939 654 3982 a
692 3917 885 4004 parentibus
928 3919 1100 3999 παρθένον,
1147 3916 1207 3981 sed
1239 3915 1362 3986 παῖδας.
1435 3915 1561 3980 Eodem
1597 3917 1696 3980 modo

257 4014 362 4102 ἄρσην
384 4028 434 4084 est
456 4017 544 4084 filius
579 4018 635 4085 Su.
653 4020 736 4084 1102
763 4018 864 4099 πατρὶ
885 4009 1009 4081 δὐὗδὲν
1032 4010 1123 4102 ἥδιον
1142 4023 1266 4100 γέροντι
1287 4013 1453 4100 θυγατρός·
1497 4013 1641 4099 ἀρσένων
1663 4018 1707 4082 δὲ

254 4120 395 4201 μείζονες
426 4124 540 4204 ψυχαί,
563 4120 704 4200 γλυκεῖαι
735 4115 764 4183 δ’
788 4106 889 4205 ἧσσον
923 4117 968 4190 εἰς
1002 4118 1214 4198 θωπεύματα,
1254 4116 1309 4186 Or.
1339 4122 1397 4201 243
1433 4125 1558 4190 νεανίας
1587 4133 1696 4186 autem

255 4223 310 4291 Su.
337 4225 419 4291 1092
454 4216 543 4293 ὅστις
565 4225 727 4304 φυτεύσας
747 4223 800 4286 καὶ
822 4226 949 4286 νεανίαν
971 4221 1071 4286 τεκὼν
1094 4218 1234 4306 ἄριστον,
1262 4222 1321 4289 Ph.
1353 4221 1436 4287 1243
1459 4222 1571 4312 addito
1594 4225 1704 4309 patris

255 4329 385 4394 nomine
410 4327 517 4390 δισσοὶ
538 4331 685 4410 γέροντος
711 4321 853 4391 Οἰδίπου
876 4327 1042 4403 conatast).

362 4519 370 4549 ,
565 4514 571 4526 .

362 4521 384 4670 ²l
401 4513 544 4657 diniiilri
563 4532 598 4654 dne
611 4513 700 4653 liuius
719 4599 841 4653 nominis
860 4617 913 4653 usu
933 4599 1003 4653 dixit
1022 4597 1257 4653 Wilamowitzius
1277 4598 1313 4651 ad
1332 4597 1394 4656 HF.
1411 4599 1472 4656 834.

362 4690 383 4763 Β)
401 4687 498 4744 Simile
516 4687 673 4757 exemplum
692 4687 788 4741 inveni
806 4685 883 4757 apud
901 4687 1049 4740 Platonem
1068 4685 1156 4756 Gorg.
1174 4686 1225 4740 481
1245 4684 1278 4754 Ε,
1295 4685 1346 4739 α1)1
1364 4685 1505 4740 Gerekius
1526 4683 1650 4738 offendit
1667 4684 1702 4736 in

258 4777 417 4832 coniunctis
435 4775 531 4831 verbis
549 4769 600 4829 τὸν
619 4771 817 4850 Πυριλάμπους
834 4774 955 4829 νεανίαν.
986 4773 1069 4827 Hanc
1083 4779 1177 4828 autem
1197 4791 1255 4827 rem
1275 4770 1485 4826 diiudicandum
1504 4771 1544 4825 eis
1562 4770 1707 4841 relinquo,

258 4866 306 4938 qui
325 4863 491 4918 Platonicae
510 4862 644 4917 dictionis
662 4861 812 4932 peritiores
831 4865 907 4915 sunt.
