3796 5518
874 379 1085 444 „70-

266 590 425 654 equorum
447 569 665 656 pulmonibus,
700 589 898 654 quamquam
930 579 1039 632 tamen
1071 556 1176 650 άφρός
1205 564 1349 634 ἱππικῶν
1371 564 1410 633 ἐκ
1427 570 1618 654 πλευμόνων
1642 596 1705 661 per

267 694 303 736 se
324 673 423 736 etiam
446 669 673 756 coniungenda
695 679 778 735 sunt.
824 667 972 736 Clariora
1003 670 1101 734 etiam
1130 681 1220 736 sunt'
1235 673 1300 738 duo
1331 674 1484 760 exempla
1513 675 1704 764 Euripidea.

266 772 324 839 Ph.
350 775 467 850 152415
489 776 522 839 in
547 784 644 839 cantu
665 773 799 858 lugubri
820 774 1007 858 Antigonae
1030 772 1168 857 legimus
1191 767 1249 837 τίν’
1274 770 1330 838 ἐπὶ
1351 777 1484 857 πρῶτον
1505 772 1572 842 ἀπὸ
1593 785 1705 855 χαίτας

264 882 501 956 σπαραγμοῖσιυ
523 867 671 958 ἀπαρχὰς
691 872 790 955 βάλω,
813 876 870 940 ubi
891 885 962 940 arte
991 897 1117 939 conexa
1145 897 1215 940 esse
1237 868 1307 939 ἀπὸ
1336 881 1444 954 χαίτας
1467 888 1708 961 σπσρσγμοῐσιν

265 987 299 1042 et
328 990 505 1063 praeterea
534 970 601 1040 ἀπὸ
621 980 731 1054 χαίτας
753 967 903 1059 ἀπαρχάς
925 987 1072 1063 apparet.
1117 976 1238 1043 Similis
1261 989 1310 1044 est
1331 1000 1447 1045 versus
1471 982 1526 1048 Tr.
1549 984 1624 1066 453,
1647 984 1705 1049 ubi

266 1079 435 1145 Oasnndra
488 1079 707 1146 sacerdotales
751 1101 888 1144 coronas
940 1078 1040 1143 abicit
1081 1079 1269 1146 exclamans
1315 1071 1354 1144 ἴτ’
1383 1073 1440 1144 ἀπ’
1473 1079 1552 1163 ἐμοῦ
1575 1082 1707 1168 ’χρωτὸς

265 1188 471 1263 σπαραγμοῖς.
532 1183 719 1247 Invenimus
754 1183 854 1266 igitur
888 1181 994 1246 tribus
1028 1181 1077 1246 his
1114 1181 1195 1247 locis
1229 1205 1347 1248 nomen
1384 1187 1592 1252 coniunctum
1630 1210 1705 1252 cum

264 1286 517 1370 praepositione,
540 1285 677 1351 articulo
699 1307 764 1351 non
786 1284 908 1365 addito,
931 1286 977 1348 ita
999 1294 1034 1348 ut
1056 1307 1150 1350 casus
1173 1285 1223 1350 illi
1252 1285 1354 1351 dativi
1392 1289 1502 1354 locum
1521 1287 1705 1354 'obtineant

263 1385 426 1469 infinitivi,
448 1389 560 1473 quiin
581 1388 777 1452 substantivi
799 1388 939 1452 formam
961 1385 1114 1452 redactus
1138 1399 1196 1454 est.
1240 1390 1342 1475 Apud
1372 1389 1570 1475 Sophoclem
1594 1404 1704 1457 autem

264 1498 296 1554 et
317 1488 571 1574 Aristophanem
592 1489 645 1554 hic
667 1502 722 1556 aut
744 1489 856 1554 similis
877 1511 956 1554 usus
979 1512 1112 1576 prorsus
1135 1491 1238 1556 deest.

366 1592 471 1658 Multo
495 1594 625 1678 saepius
648 1615 746 1678 quam
769 1593 801 1657 in
824 1593 879 1674 eis,
903 1614 987 1677 quae
1010 1591 1107 1658 modo
1131 1595 1279 1676 tractavi,
1310 1608 1429 1660 natura
1459 1596 1603 1661 verbalis
1628 1619 1703 1682 cog·

263 1696 354 1760 nosci
375 1705 486 1778 potest
508 1695 673 1758 nominum
695 1697 728 1758 in
749 1715 804 1779 μα,
828 1696 949 1781 quippe
971 1689 1065 1781 quac
1078 1718 1142 1760 non
1165 1717 1241 1760 raro
1263 1699 1414 1783 proxime
1437 1698 1544 1763 absint
1565 1721 1585 1764 a
1606 1700 1705 1764 verbi

263 1798 367 1880 ipsius
399 1797 521 1862 formis.
566 1797 617 1860 Ac
638 1798 779 1882 primum
802 1797 933 1883 quidem
966 1809 1141 1863 tractemus
1164 1821 1213 1881 ea,
1235 1821 1319 1884 quae
1342 1803 1375 1862 vi
1399 1803 1531 1887 passiva
1553 1803 1706 1888 praedita

264 1907 347 1964 sunt.
390 1897 492 1984 Apud
514 1898 718 1983 Aeschylum
741 1910 852 1963 autem
874 1899 957 1965 haec
980 1902 1100 1965 inveni.
1145 1900 1204 1966 Oh.
1239 1903 1302 1967 506
1330 1892 1413 1985 ύπδρ
1436 1903 1493 1965 σού
1516 1895 1616 1966 τοιάδ’
1638 1895 1707 1966 ἔστ’

264 1993 431 2081 ὀδύρματα
454 2011 578 2065 τετλάτω
603 2000 789 2087 exemplum
811 2023 875 2066 non
899 2015 956 2083 est,
980 2001 1160 2084 eumitren
1192 2005 1233 2068 ad
1265 2005 1404 2069 verbum
1435 2005 1552 2070 referri
1584 2008 1704 2092 possit,

263 2102 316 2168 Se.
339 2103 404 2168 520
423 2096 544 2188 μητρύς
566 2099 601 2177 ἐξ
621 2094 774 2186 ὀρεσκόου
802 2099 971 2187 βλάστημα
1000 2105 1063 2169 hoe
1092 2106 1225 2192 quidem
1254 2107 1327 2173 loco
1356 2121 1498 2174 tractare
1520 2108 1607 2190 licet,
1630 2131 1705 2173 cum

260 2199 430 2288 βλάστημα
452 2206 583 2291 passive
604 2205 862 2290 intellegendum
885 2229 956 2271 esse
980 2230 1081 2291 snpra
1103 2231 1134 2296 p.
1154 2208 1193 2274 51
1212 2208 1361 2288 dixerim,
1384 2211 1442 2275 sed
1467 2209 1582 2274 eodem
1605 2212 1706 2275 modo

260 2306 385 2372 dictum
408 2331 479 2372 esse
501 2319 618 2393 potest,
642 2331 707 2394 qno
730 2296 755 2370 ὦ
778 2315 841 2371 παῖ
858 2304 981 2389 πατρὸς
1008 2305 1042 2380 ἐξ
1061 2301 1228 2387 Ἀχιλλέως
1263 2301 1363 2399 Soph.
1387 2313 1445 2377 Ph.
1469 2314 1543 2391 260,
1577 2313 1707 2375 παίδων

260 2409 326 2472 τῶν
348 2400 408 2472 ἀπ’
437 2408 576 2475 Οἰδίπου
601 2415 681 2493 περί
708 2413 771 2478 An.
804 2413 874 2477 193.
927 2410 1028 2478 Ocrta
1062 2424 1171 2479 autem
1205 2418 1403 2480 constructio
1440 2417 1572 2500 passiva
1609 2415 1704 2478 verbi

262 2515 469 2597 cognoscitur
498 2537 529 2578 v.
554 2514 611 2580 Pe.
635 2513 732 2594 526,‘l
767 2514 805 2599 γή
837 2534 873 2577 τε
905 2515 957 2576 καί
990 2518 1124 2597 φθιτοῖς
1158 2513 1341 2600 δωρήματα,
1376 2519 1467 2582 cuius
1505 2518 1617 2581 similis
1655 2531 1704 2580 est

261 2635 377 2680 versus
399 2617 460 2681 En.
473 2617 537 2680 405
558 2609 719 2698 ἐξαίρετον
734 2612 865 2700 δώρημα
884 2618 1014 2702 Θησέως
1036 2616 1147 2699 τύκοις,
1170 2643 1276 2704 neque
1307 2619 1403 2684 aliter
1424 2619 1573 2704 intellegi
1595 2630 1705 2706 potest

261 2717 322 2784 Eu.
346 2719 410 2783 935
430 2712 471 2782 τά
492 2711 550 2800 γάρ
571 2713 606 2781 ἐκ
628 2724 793 2799 προτέρων
814 2710 1035 2803 ἀπλακήματά.
1070 2720 1118 2785 Ut
1139 2723 1300 2805 omnibus,
1324 2745 1408 2808 quae
1425 2721 1532 2786 adhuc
1553 2723 1705 2802 tractavi,

262 2821 309 2884 ita
361 2819 422 2885 hoc
470 2823 569 2886 etiam
613 2845 674 2887 usu
709 2821 884 2907 Euripides
929 2833 1114 2888 ceterorum
1151 2824 1338 2889 libertatem
1375 2847 1606 2911 supergressus
1646 2836 1704 2887 est.

263 2921 387 2987 Versus
417 2924 550 3008 quidem
583 2923 631 2989 Ιο,
652 2925 716 2988 405
743 2921 832 2993 λέξον
860 2915 893 2984 τί
921 2923 1079 3004 θέσπισμ’
1108 2922 1143 2989 ἐκ
1183 2929 1372 3008 Τροφωνίου
1404 2926 1522 3009 φέρεις,
1561 2927 1617 2993 ΙΤ.
1640 2928 1707 2992 239

260 3019 356 3088 ἄκουε
379 3023 496 3087 καινῶν
521 3020 557 3098 ἐξ
577 3020 657 3104 ἐμοῦ
677 3019 895 3110 κηρυγμάτων,
928 3027 985 3091 IA.
1014 3029 1096 3092 1074
1122 3025 1157 3092 ἐκ
1177 3027 1258 3098 darii
1279 3021 1401 3111 μστρὸς
1422 3024 1587 3114 δωρήματ’
1610 3025 1701 3112 ἔχων,

260 3127 312 3191 ΕΙ.
328 3127 394 3191 423
416 3121 505 3207 εύροι
520 3127 603 3190 δαιτὶ
624 3126 895 3210 προσφορήματα,
921 3151 996 3194 cum
1019 3131 1158 3195 verbnm
1180 3131 1328 3197 additum
1351 3135 1402 3214 sit,
1425 3155 1486 3220 pro
1510 3135 1607 3198 certis
1630 3155 1701 3196 ver-

261 3230 345 3294 balis
368 3232 621 3295 constructionis
648 3231 807 3316 exemplis
829 3230 943 3295 haberi
985 3254 1050 3297 non
1073 3247 1217 3319 possunt.
1262 3234 1329 3300 Sed
1352 3235 1526 3322 praeclara
1548 3237 1700 3322 exempla

262 3343 338 3397 sunt
359 3332 458 3398 haec:
481 3327 521 3394 τὰ
546 3331 712 3394 Ταντάλου
744 3334 869 3395 θεοῖσιν
898 3331 1075 3412 ἑστιάματα
1110 3337 1299 3417 113871),
1333 3329 1504 3417 didymaeo
1532 3338 1572 3401 δέ
1599 3361 1631 3400 τι
1663 3334 1701 3400 τὸ

262 3432 388 3517 πλῆθος
410 3425 610 3514 ἀντάλλαγμα
630 3436 766 3513 γίγνεται
782 3434 879 3514 φίλου
900 3433 957 3503 Or.
984 3439 1074 3504 1157.
1120 3439 1222 3504 Plane
1247 3441 1361 3506 eodem
1383 3441 1480 3506 modo
1510 3440 1703 3524 intellegen-

262 3537 323 3601 dus
346 3547 395 3602 est
415 3560 530 3604 versus
553 3536 628 3602 Hel.
652 3538 702 3619 20,
726 3537 784 3602 nbi
803 3527 929 3622 cygnus
952 3555 1090 3605 vocatur
1112 3535 1166 3604 ὑπ’
1189 3535 1285 3605 ἀετοῦ
1314 3544 1437 3621 δίωγμα
1464 3541 1599 3625 φεύγων,
1630 3545 1649 3606 i.
1676 3565 1703 3606 a.

262 3641 391 3722 fugiens
413 3650 450 3706 ut
472 3638 597 3726 aliquid
626 3640 715 3726 quod
744 3640 787 3704 ab
818 3641 928 3726 aquila
959 3643 1109 3726 fugatum
1141 3654 1199 3711 est.
1251 3645 1326 3710 Non
1357 3657 1406 3708 est
1436 3668 1494 3710 cur
1522 3647 1705 3728 cogitemus

262 3741 303 3806 de
326 3743 453 3808 duabus
472 3742 769 3808 constructionibus
791 3744 944 3825 confusis,
971 3757 1005 3810 ut
1030 3745 1220 3812 Dindorfius
1248 3748 1385 3828 censuit,
1420 3743 1544 3829 φεύγων
1577 3746 1703 3811 scilicet

260 3840 298 3906 τὸ
333 3846 457 3925 δίωγμα
492 3837 585 3907 ἀετοῦ
619 3853 651 3908 et
684 3839 809 3926 φεύγων
842 3837 898 3909 ἀπ’
930 3841 1038 3926 ἀετοῦ,
1073 3872 1179 3934 neque
1202 3851 1351 3914 iustiores
1377 3859 1452 3914 sunt
1481 3858 1604 3932 curae,
1622 3871 1704 3935 quas

261 3947 383 4013 similes
406 3947 613 4012 Hermannus
636 3946 698 4012 sibi
720 3947 867 4028 movit2).
911 3949 1097 4016 Praeclaris
1121 3953 1206 4016 enim
1235 3952 1394 4040 exemplis
1423 3942 1584 4038 probatur
1605 3952 1703 4016 inter·

261 4052 402 4136 pretatio
431 4073 514 4129 maa,
547 4072 632 4136 quac
670 4065 743 4114 sunt
775 4048 831 4115 Or.
864 4051 970 4136 835s6,
1011 4054 1069 4118 ubi
1114 4055 1155 4119 de
1192 4052 1308 4118 Oreste
1343 4056 1462 4120 dicitur
1493 4051 1704 4135 βεβάκχευται

259 4156 386 4231 μανίαις
405 4160 409 4230 Ι
428 4145 586 4232 Εὐμενίσι
621 4147 755 4236 θήραμα
784 4146 889 4237 φόνῳ,
917 4157 937 4219 i.
969 4179 997 4223 e.
1029 4159 1170 4240 agitatus
1201 4181 1221 4222 a
1253 4157 1361 4222 Furiis
1398 4169 1533 4242 propter
1565 4167 1702 4220 matrem

261 4255 477 4334 interfectam,
500 4255 556 4322 Tr.
583 4257 675 4338 1121,
697 4255 754 4320 ubi
776 4258 950 4343 Astyanax
973 4270 1023 4324 est
1053 4253 1093 4322 ἀν
1114 4256 1243 4343 πύργων
1271 4261 1411 4341 δίσκημα
1438 4255 1558 4338 πικρὸν
1579 4258 1703 4323 Δαναοί

260 4362 436 4426 κτείναντες
458 4351 594 4434 ἔχουσιν.

368 4492 389 4564 ¹)
407 4492 526 4546 Ἑοτιάυ
557 4511 611 4546 τιυι
641 4494 746 4566 legitur
773 4496 850 4566 apud
877 4497 1087 4567 Epicharmum,
1112 4498 1222 4552 Lorenz
1253 4517 1280 4569 p.
1299 4499 1366 4566 2453
1392 4497 1429 4553 cl.
1448 4496 1574 4550 Bokkari
1592 4495 1702 4554 Anccd,

258 4580 302 4649 37,
319 4580 362 4648 24,
383 4577 471 4633 schol.
491 4579 521 4632 in
540 4578 593 4635 Th.
612 4582 671 4638 941.

364 4665 386 4738 ²)
405 4663 503 4719 Verba
526 4683 599 4737 quaa
618 4669 661 4721 vir
679 4668 727 4722 ille
746 4667 846 4722 doctus
868 4670 1018 4725 annotavit
1036 4669 1073 4723 ad
1091 4670 1109 4724 l.
1129 4669 1199 4722 haec
1217 4675 1298 4729 sunt:
1320 4669 1470 4740 ,ambigna
1489 4677 1532 4723 est
1551 4669 1651 4737 oratic,
1670 4673 1702 4722 ut

260 4752 386 4806 dubitari
417 4755 515 4824 possit,
546 4760 641 4808 utrum
670 4749 705 4810 τὸ
734 4753 778 4810 ὑπ’
811 4755 898 4810 ἀετοῦ
929 4751 1039 4826 δίωγμα
1065 4753 1175 4826 φεύγων
1200 4739 1244 4826 an,
1271 4756 1347 4828 qnod
1369 4756 1567 4810 verisimilius
1586 4759 1637 4823 ost,
1657 4753 1703 4808 ὑπ’

260 4837 348 4892 ἀετοῦ
366 4836 476 4910 φεύγων
496 4835 530 4894 τά
549 4835 655 4912 δίωγμα
674 4839 791 4900 animust
