3796 5518
878 403 1085 466 „52-

237 591 395 678 Ιαιηδευμα
418 591 549 678 quidem
571 599 711 655 vocatur
734 591 794 655 nisi
817 592 921 654 minor
942 600 1021 654 natu
1046 613 1065 654 a
1088 591 1221 671 maiore,
1244 600 1281 654 ut
1304 592 1360 654 01.
1384 590 1445 654 417
1476 588 1647 653 Menelaus
1671 611 1694 650 a

234 697 441 781 Tyndareo,
479 693 622 760 01185
660 692 701 757 ah
739 690 909 778 Oedipode
947 691 1043 758 Creo.
1097 692 1172 774 Qua
1203 693 1243 757 de
1275 714 1376 756 causa
1406 694 1528 756 factum
1565 701 1625 769 est,
1654 700 1693 754 ut

234 796 435 885 Sophocles
465 796 515 860 his
544 795 740 912 neminiqu,
769 806 885 879 excep
879 797 917 858 is
946 793 1004 858 ille
1033 792 1175 876 κήδευμα
1197 804 1230 859 01
1259 795 1322 860 An.
1347 795 1430 859 1115
1452 793 1570 858 cantici
1593 813 1695 856 versu

229 896 452 978 ῚῘπολυώνυμε,
476 898 640 976 Καδμείας
669 895 794 982 νύμφας
816 894 946 977 ἄγαλμα,
976 899 1151 964 collective
1174 909 1300 965 tantum
1322 921 1429 980 sensu,
1451 909 1487 963 ut
1510 894 1694 977 στράτευμα

233 1003 305 1067 *El
329 1003 402 1083 695,
433 1001 485 1082 al,
517 1012 574 1065 aut
597 1002 830 1068 contumeliose
861 1013 893 1066 et
916 1003 1070 1088 despecto
1093 1012 1254 1084 uteretur,
1283 1004 1376 1067 cuius
1399 1001 1529 1086 generis
1552 1002 1692 1084 legimus

251 1107 316 1170 Α1.
350 1106 414 1170 320
447 1093 513 1182 οἴμ
547 1098 589 1172 οἷς
621 1103 745 1186 λάλημα
777 1100 923 1226 δηλον’
906 1103 1085 1187 εκπεφυκός
1105 1096 1143 1186 εἶ,
1164 1107 1227 1172 An
1251 1105 1313 1170 756
1344 1051 1512 1183 δούλευμα,
1536 1103 1594 1170 Ρ11.
1626 1104 1691 1168 928

250 1313 362 1372 τέκνον
383 1302 536 1387 Λαρτιου
558 1303 831 1372 κακοπινέστατάυ
853 1333 871 1370 τ
903 1304 1009 1392 άλημα
1032 1312 1176 1389 στρατοῦ,
1198 1310 1326 1375 ibidem
1349 1311 1414 1375 390
1435 1304 1561 1387 ἐχθρὸν
1576 1248 1691 1389 αλημα,

231 1411 340 1496 ¹quod
374 1433 490 1477 nemen
525 1433 589 1475 nen
621 1413 716 1496 pauci
753 1424 951 1496 acceperunt
980 1415 1147 1498 passivum
1180 1412 1221 1475 ab
1245 1407 1329 1473 ἀλέα
1363 1412 1508 1490 ductum,
1541 1421 1576 1475 ut
1606 1420 1692 1474 esset

251 1512 348 1591 idem,
371 1514 456 1600 qued
480 1516 594 1593 κῦρμα,
617 1521 738 1592 τρῖμμα
761 1516 824 1578 Av.
847 1514 908 1578 431
933 1529 965 1577 01
988 1513 1136 1594 παιπάλη
1158 1515 1220 1579 Nn.
1246 1516 1309 1578 260
1339 1514 1380 1578 de
1409 1514 1537 1576 bomine
1570 1511 1691 1576 callido

249 1616 421 1695 dictum²).
486 1616 552 1680 Sed
590 1615 671 1680 haec
715 1600 865 1700 quaestio
914 1631 1002 1680 certe
1047 1615 1220 1680 diiudicari
1264 1629 1327 1681 non
1373 1628 1491 1700 petest.
1557 1615 1692 1680 Ulixem

244 1730 363 1783 autem
397 1741 462 1782 non
499 1717 615 1782 melius
654 1716 689 1780 τὸ
714 1708 885 1799 ’ήλημενον
922 1718 985 1781 diei
1023 1732 1102 1804 pute
1148 1741 1246 1805 quam
1291 1715 1350 1780 τὸν
1389 1711 1563 1799 ἀλώμενον,
1601 1717 1692 1781 11110

253 1839 362 1885 tamen
408 1820 518 1885 habite
561 1831 714 1906 respectu
767 1823 920 1884 taeineris
975 1821 1070 1900 illius,
1127 1821 1216 1906 qued
1261 1819 1423 1885 Homerus
1462 1820 1524 1885 Od.
1561 1822 1592 1902 4,
1628 1821 1693 1883 244

230 1925 432 2018 enarravit.

252 2029 283 2066 1
365 2041 488 2106 Eadem
512 2041 610 2127 plane
633 2043 726 2107 ratio
750 2055 786 2104 ut
806 2041 886 2105 haec
903 2044 1038 2106 strictim
1056 2041 1186 2124 addam,
1202 2042 1314 2107 valet
1306 2066 1339 2106 11
1354 2043 1493 2128 passivis
1508 2043 1693 2107 nominibus

227 2116 286 2208 111]
295 2165 349 2223 μα
366 2166 456 2231 quae
472 2144 513 2210 de
528 2144 712 2208 hominibus
728 2143 932 2230 usurpabant
933 2166 981 2210 ur.
1019 2149 1077 2206 Γ
1044 2165 1077 2207 ει
1078 2165 1172 2228 νημα
1188 2145 1363 2225 παίδευμα,
1379 2141 1518 2224 λόχευμα
1532 2169 1693 2231 nusquam

255 2269 315 2334 pre
345 2247 519 2334 participio
550 2263 675 2332 patrem
703 2245 755 2308 vel
788 2255 923 2310 matrem
954 2247 1148 2330 significant,
1178 2247 1235 2312 sed
1269 2267 1399 2332 semper
1427 2251 1585 2368 passive
1580 2265 1692 2314 natum

248 2352 305 2416 vel
334 2365 455 2432 natam,
484 2347 575 2414 velut
607 2349 677 2415 OT.
704 2349 783 2414 1167
814 2349 877 2410 τῶν
906 2349 1017 2412 Λαΐου
1045 2354 1154 2413 τοίνυν
1175 2369 1221 2419 τις
1243 2339 1282 2433 ἦν
1305 2347 1516 2433 γεννημάτων,
1538 2353 1596 2418 IA.
1620 2353 1694 2428 285,

255 2453 306 2519 ΕΙ.
322 2454 395 2535 887,
419 2453 533 2517 eedem
558 2453 665 2524 medo,
685 2473 756 2538 ¹que
779 2449 961 2533 νύμφευμα,
985 2443 1210 2531 ὖπυιγκάλισμα
1226 2475 1387 2537 nusquam
1403 2455 1547 2536 maritus,
1563 2477 1693 2542 semper

251 2553 344 2640 uxor⁴
360 2573 420 2638 est,
446 2556 518 2619 llel.
543 2555 615 2635 242,
639 2555 695 2619 Tr.
719 2555 793 2634 420,
816 2555 915 2640 8011.
937 2555 1000 2620 An.
1026 2556 1099 2634 650,
1122 2556 1199 2620 Eur.
1217 2555 1272 2621 Tr.
1290 2557 1351 2619 757
1376 2561 1449 2618 νέον
1470 2550 1694 2638 ὑπαγκάλισμα

228 2653 347 2741 ·’μἠτ“ρ1
369 2656 520 2736 φίλτατον
542 2657 637 2739 filius,
662 2679 759 2743 quem
783 2667 887 2721 mater
909 2657 1178 2742 amplectebatur.

230 2759 242 2788 1
304 2777 308 2786 ’
358 2780 449 2843 11101
485 2781 616 2844 nemina
645 2778 873 2863 participialia,
904 2801 988 2864 quae
1023 2801 1122 2865 supra
1153 2778 1258 2858 attuli,
1296 2777 1402 2842 lecum
1437 2773 1560 2857 ἄγαλμα
1592 2784 1691 2846 etiam

252 2879 362 2964 habet,
385 2881 473 2966 qued
490 2885 515 2944 si
532 2882 741 2968 participiale
764 2881 930 2996 iqtellege,
952 2881 1157 2947 adversarios
1173 2880 1277 2945 haheo
1303 2893 1334 2943 et
1358 2892 1486 2944 veteres
1510 2898 1542 2946 et
1564 2898 1692 2949 nestros

250 2986 481 3067 grammaticos
508 2987 715 3068 criticesque,
739 2984 795 3069 qui
817 2984 950 3068 quidem
973 2983 1582 3049 (100010110100011111.8011011110
1605 2989 1692 3051 enim

242 3087 489 3207 interpretatis,
520 3109 628 3172 quam,
659 3103 695 3150 ut
727 3109 826 3152 enum
849 3091 1021 3170 nominem,
1045 3087 1219 3152 scholiasta
1240 3087 1282 3151 ad
1306 3088 1366 3154 Th.
1390 3089 1452 3153 713
1474 3089 1621 3175 praebet
1644 3100 1694 3154 est

134 3259 136 3264 ¹
253 3188 321 3250 πᾶν
343 3181 395 3266 αφ’
418 3185 512 3270 ᾠτις
545 3184 726 3266 ἀγάλλεται,
760 3192 812 3253 cui
849 3193 1081 3274 grammaticus
1116 3190 1157 3254 ad
1191 3210 1209 3267 γ
1242 3190 1305 3254 274
1340 3179 1467 3256 addidit
1498 3190 1551 3252 καί
1584 3185 1620 3253 ού
1653 3183 1691 3253 sd

225 3289 422 3376 ,ξόανοναϊ
445 3291 632 3377 Hesychius
670 3288 727 3368 οὐχ
757 3285 805 3363 ὡς
835 3288 854 3378 ἡ
891 3290 1048 3377 συνήθεια
1079 3287 1117 3355 τὸ
1152 3295 1275 3366 ξόανον.
1320 3293 1415 3358 Hane
1439 3294 1693 3380 explicationem

252 3403 382 3456 nestrae
418 3395 516 3456 etiam
545 3395 661 3457 aetatis
690 3397 752 3458 viri
775 3394 863 3460 docti
892 3418 983 3460 suam
1006 3398 1196 3474 fecerunt³).
1240 3393 1362 3461 Omnes
1384 3410 1501 3478 autem,
1524 3406 1556 3460 et
1578 3396 1636 3458 hes
1658 3407 1692 3459 01

251 3495 334 3575 illos,
357 3498 518 3559 erravisse
541 3518 603 3560 non
628 3496 742 3560 dubito
767 3499 974 3579 contendere,
999 3521 1082 3579 eum,
1105 3508 1338 3585 praeterquam
1368 3498 1456 3585 qued
1487 3497 1562 3562 talis
1589 3497 1692 3582 expli·

244 3597 347 3660 candi
378 3598 493 3661 medus
516 3620 533 3661 e
557 3612 675 3664 natura
704 3603 870 3665 nominum
900 3603 932 3665 in
969 3622 1015 3679 μα
1051 3602 1160 3684 colligi
1201 3604 1331 3666 omnine
1368 3624 1431 3666 nen
1470 3612 1589 3686 petest,
1626 3621 1690 3664 nen

254 3698 393 3763 audeam
416 3711 533 3784 putare
556 3723 575 3764 a
600 3714 696 3787 pecta
721 3702 807 3768 dieta
829 3727 899 3768 esse
921 3714 1041 3768 terram
1066 3703 1155 3781 (Hel.
1179 3705 1265 3784 206),
1288 3705 1392 3768 ferum
1416 3704 1507 3773 (Eur.
1531 3703 1582 3769 El.
1605 3702 1692 3786 388),

251 3807 383 3888 nuptias
416 3803 505 3885 (Hel.
546 3806 640 3884 1433)
678 3799 880 3885 ἀγάλλεσθαι.
941 3805 1150 3892 Significatus
1186 3819 1295 3871 autem
1334 3804 1559 3891 participialia,
1593 3826 1691 3889 quem

253 3906 403 3992 equidem
428 3916 545 3988 statue,
567 3931 630 3971 nen
655 3921 720 3972 tam
751 3910 876 3974 scilicet
907 3908 974 3970 πᾶν
1006 3902 1057 3989 ἐφ’
1092 3909 1115 3992 qi
1149 3929 1197 3978 τις
1232 3900 1396 3987 ἀγάλλεται
1433 3930 1531 3994 quam
1567 3909 1634 3970 πᾶν
1671 3900 1691 3965 δ

251 4001 379 4085 ἀγάλλει
399 4014 478 4093 τινά,
501 4035 540 4074 10
563 4034 627 4076 uno
651 4013 783 4097 quidem
807 4013 958 4096 exemplo
981 4015 1154 4094 refutatur,
1176 4034 1281 4098 neque
1313 4012 1380 4075 scio
1411 4034 1452 4074 an
1483 4011 1586 4074 simile
1610 4009 1688 4095 quid

253 4115 390 4176 senserit
413 4113 587 4178 scholiasta
610 4114 677 4195 ille,
701 4117 757 4200 qui
779 4114 821 4178 ad
844 4107 1523 4201 10110010010811111Α1Η40ἄγαλμα
1545 4110 1690 4174 πλούτου

252 4218 419 4279 annotavit
442 4211 480 4278 ου’
500 4212 557 4297 γὰρ
582 4207 621 4298 ἦν
643 4213 791 4299 δυοειδὴς
813 4211 897 4280 ὥστε
924 4213 981 4278 τὸν
1009 4217 1152 4279 πλοῦτον
1182 4214 1351 4294 αἰσχύνειν,
1384 4217 1403 4280 i.
1429 4239 1456 4280 e.
1494 4206 1618 4298 εὐειδὴς
1650 4204 1691 4298 ἦν

252 4310 338 4378 ὥστε
358 4311 417 4379 τὸν
439 4318 580 4380 πλοῦτον
603 4309 758 4399 άγάλλειν.
803 4319 850 4383 Ut
873 4332 979 4382 autern
996 4320 1077 4383 haee
1093 4322 1254 4383 sententia
1270 4341 1343 4382 mea
1358 4320 1526 4404 probetur,
1544 4319 1689 4382 breviter

252 4420 490 4503 perlustrcmus
522 4421 682 4507 exempla,
721 4445 805 4507 quae
843 4436 971 4486 exstant
1008 4424 1146 4486 neminis
1181 4417 1312 4499 ἄγαλμα.
1359 4420 1523 4484 Homerus
1547 4420 1689 4506 quidem,

355 4639 376 4710 ¹)
407 4639 451 4694 et.
478 4639 513 4692 de'
530 4639 584 4692 hec
614 4640 726 4693 nomine
759 4639 946 4695 Wilamewitz
982 4639 1019 4692 ad
1049 4639 1110 4694 HF.
1142 4641 1200 4708 181,
1232 4638 1308 4711 qued
1335 4639 1412 4694 Jebh
1438 4638 1474 4691 ad
1500 4639 1519 4694 l.
1544 4637 1689 4708 passivum

251 4725 570 4877 ΠΙ1111111111111011111111111111
589 4811 703 4882 collegit
721 4812 880 4866 Ellendtius
899 4830 920 4869 ε,
940 4829 967 4868 v,

360 4899 381 4972 ³)
401 4899 433 4954 E.
453 4918 487 4970 g,
506 4906 538 4953 ut
556 4901 738 4971 gravissimos
757 4899 904 4968 neminem,
925 4898 1027 4952 Kaibel
1046 4898 1082 4952 ad
1101 4898 1144 4954 El.
1161 4900 1221 4967 211,
1243 4899 1430 4952 Wilamewitz
1449 4897 1485 4950 ad
1504 4896 1564 4952 HF.
1582 4897 1626 4951 49.
