3796 5518
839 411 1048 475 -21..

332 591 458 658 Eadem
494 595 599 680 plane'
626 616 724 679 quam
748 597 961 678 cognovimus
994 596 1129 662 libertas
1158 600 1303 664 cernitur
1334 603 1368 666 in
1398 604 1445 668 eis
1472 604 1667 684 nominibus,

218 697 344 782 quibus
377 705 473 782 pater
506 707 561 761 aut
594 706 700 761 mater
733 695 944 780 significatur.
1000 700 1110 785 Atque
1143 699 1200 765 ille
1234 702 1367 786 quidem
1397 702 1519 769 dicitur
1551 701 1667 791 ἅρσην,

222 799 282 863 Ph.
298 799 361 864 943
383 795 417 860 ἔκ
438 818 475 861 τε
496 790 618 882 μητρός
639 790 785 879 άρσένιον
807 792 833 862 τ’
856 795 944 883 δπό;
967 807 1110 884 πρέσβυς
1124 801 1206 868 Hco.
1224 805 1295 886 161,
1318 805 1376 869 Pb.
1399 806 1474 884 327,
1496 806 1570 875 HF.
1586 810 1665 892 976,

220 900 351 982 γεραιός
373 901 445 964 HF.
472 901 550 983 1153
572 905 671 981 γέρων
692 901 765 968 HF.
787 903 862 985 455,
885 906 958 986 544,
983 907 1075 989 1001,
1098 907 1145 970 ita
1167 917 1203 971 ut
1224 929 1324 972 versu
1349 907 1420 977 HF.
1442 911 1506 976 575

529 1022 575 1104 τῷ
597 1015 657 1103 γάρ
678 1011 713 1100 μ’
735 1017 868 1102 άμόνειν
889 1023 1011 1103 μᾶλλον
1032 1015 1053 1107 ἢ
1074 1022 1212 1108 δάμαρτι
1233 1021 1295 1111 χρή

530 1124 582 1185 καὶ
604 1124 698 1187 παισὶ
720 1126 772 1188 καὶ
794 1132 932 1211 γέροντα

222 1266 242 1307 a
269 1243 435 1328 plerisque
466 1256 637 1330 acceptum
665 1244 749 1311 illud
779 1244 906 1309 τεκόντι
941 1258 1031 1311 recte
1065 1249 1142 1313 mihi
1173 1247 1289 1314 videar
1311 1253 1446 1335 reicere,
1468 1256 1665 1340 praesertim

218 1368 296 1411 cum
325 1343 454 1408 τεκόντι
487 1369 584 1431 aegre
615 1358 743 1412 tantum
775 1371 887 1414 carere
917 1362 1029 1436 posset
1058 1351 1205 1435 articulo,
1242 1376 1308 1438 qua
1342 1351 1381 1417 dc
1411 1377 1448 1419 re
1476 1357 1562 1421 infra
1585 1381 1609 1422 s.
1632 1380 1664 1427 v,

223 1471 330 1533 agam.
382 1449 489 1512 Mater
524 1460 632 1515 autern
662 1461 802 1516 vocatur
832 1453 934 1535 γραῦς,
969 1453 1031 1519 An.
1063 1454 1161 1534 61213
1191 1453 1319 1518 παίδων
1349 1451 1376 1518 τ’
1401 1451 1541 1529 ἄπαιδας
1571 1459 1665 1540 γραῦς

218 1545 341 1633 ἔθηκας
363 1545 399 1613 ἓν
419 1549 534 1630 δόμοις
556 1551 686 1622 πολιούς
708 1547 736 1615 τ’
757 1545 892 1636 ἀφείλου
922 1561 1061 1634 πατέρας
1091 1550 1200 1640 εὐγενῆ
1232 1562 1335 1638 τέκνα,
1359 1556 1416 1641 Cy.
1441 1561 1519 1645 3063
1542 1561 1664 1646 γεραιά,

219 1653 280 1721 Ph.
307 1655 389 1720 1694
820 1713 823 1718 .

428 1754 483 1822 ΟΙ.
508 1751 692 1837 προσάγαγέ
711 1752 768 1818 νόν
789 1777 840 1836 με,
863 1753 986 1840 μητρός
1009 1757 1050 1828 ὡς
1075 1757 1191 1842 ψαύσω
1214 1759 1323 1830 σέθεν.

428 1859 500 1924 AN.
525 1854 602 1936 ἰδού,
625 1856 750 1937 γεραιός
772 1857 926 1944 φιλτάτης
948 1861 1079 1943 ψαῦσον
1101 1867 1179 1944 χερί,

216 1984 276 2049 ubi
300 1979 540 2068 plane-falsum
571 1989 620 2046 est
643 1979 732 2065 quod
754 1979 951 2044 Schmidtius
975 1983 1114 2045 coniecit
1135 1977 1273 2063 παρειάς
1295 2008 1403 2072 neque
1427 2011 1446 2052 a
1473 1989 1663 2054 Wecklinio

220 2087 329 2172 accipi
360 2083 482 2151 debuit.
527 2085 694 2168 Antigona
718 2085 802 2148 enim
825 2083 992 2167 intellegit
1014 2108 1106 2150 suam
1129 2095 1277 2168 matrem,
1306 2101 1342 2152 ut
1365 2100 1503 2176 apparet
1526 2113 1664 2156 eversu

223 2191 315 2272 1693,
339 2213 436 2275 quem
462 2188 628 2273 exscripsi,
658 2209 722 2250 uon
747 2209 882 2251 uxorem
913 2189 1024 2275 patris.
1071 2186 1167 2267 Quod
1191 2200 1298 2254 autern
1322 2190 1552 2260 Valkcnaerus
1576 2195 1662 2261 adl.

219 2293 396 2380 proposuit
418 2291 530 2374 γεραιᾷ
551 2284 704 2373 φιλτάτης
727 2290 936 2355 Hermannus
958 2301 1048 2355 recte
1070 2291 1200 2356 refellit.

329 2429 423 2494 Haec
465 2428 597 2493 tralatio
632 2427 820 2509 verborum,
870 2451 967 2513 quam
1010 2430 1125 2514 paucis
1170 2431 1401 2514 demonstravi,
1452 2455 1489 2498 eo
1533 2433 1662 2499 facilius

220 2533 438 2614 intellegitur,
470 2529 555 2616 qaod
587 2531 629 2594 ad
660 2532 777 2594 aetatis
805 2531 975 2610 rationem,
1007 2551 1091 2615 quae
1117 2532 1292 2598 intercedit
1319 2536 1405 2598 inter
1428 2555 1511 2617 eum,
1536 2538 1590 2622 qui
1612 2535 1662 2602 his

219 2634 406 2702 nominibus
428 2645 568 2698 vocatur
591 2644 621 2698 et
642 2633 745 2714 illum,
778 2633 869 2697 cuius
893 2643 1045 2718 respectu
1074 2632 1186 2698 habito
1209 2638 1437 2723 propinquitas
1459 2637 1518 2701 illa
1535 2638 1662 2703 intelle—

215 2741 316 2824 gitur,
347 2761 381 2803 sc
410 2736 636 2802 accommodat
666 2738 722 2816 ita,
752 2745 788 2800 ut
820 2759 847 2802 c.
877 2758 908 2820 g.
938 2738 1104 2818 παρθένος
1126 2760 1191 2802 nou
1214 2739 1256 2803 sit
1279 2737 1347 2804 filia
1371 2748 1480 2805 aetate
1503 2752 1663 2828 proveeta

220 2852 277 2906 aut
299 2851 412 2926 nupta,
441 2843 567 2908 νεανίας
596 2861 662 2904 non
684 2838 770 2903 filius
793 2840 902 2903 senior
915 2839 948 2923 ¹).
1001 2839 1103 2904 Plane
1127 2847 1237 2905 autem
1260 2841 1435 2925 singularis
1459 2852 1508 2906 est
1530 2842 1661 2908 tralatio

215 2968 269 3027 ea,
301 2967 368 3030 qua
396 2944 572 3029 Euripides
601 2943 649 3007 uti
679 2963 776 3007 ausus
808 2951 856 3007 cst
891 2941 949 3006 IA.
976 2943 1069 3024 1449,
1089 2943 1146 3006 ubi
1171 2942 1416 3029 Clytaemestra
1438 2944 1540 3010 filiam
1562 2947 1660 3010 inter-

219 3057 316 3133 rogat
339 3045 422 3110 εἴπω
445 3044 593 3126 δὲπαρά
615 3044 673 3108 σοῦ
696 3045 791 3129 φίλον
819 3040 896 3116 ἔπος
916 3067 948 3108 τι
970 3049 1159 3127 παρθένοις,
1184 3069 1248 3133 quo
1278 3046 1350 3112 loco
1380 3050 1567 3126 παρθένους
1589 3071 1660 3114 csse

149 3177 152 3182 ·
218 3173 348 3216 sorores
371 3149 530 3236 probatur
552 3171 651 3213 versu
668 3150 747 3214 1447
764 3151 797 3210 τί
817 3142 856 3230 δὴ
878 3144 1115 3231 κασιγνήταισιν
1137 3142 1265 3228 άγγείλω
1289 3152 1395 3216 σέθεν.
1431 3150 1538 3235 Magis
1561 3153 1660 3216 etiam

221 3256 430 3337 cognoscitur
452 3262 571 3338 poetae
594 3252 732 3316 audacia
753 3251 903 3316 versibus
925 3254 988 3318 An.
1016 3252 1121 3334 17415,
1152 3254 1207 3339 qui
1236 3260 1311 3317 sunt
1339 3250 1446 3335 πατὴρ
1467 3273 1505 3316 τε
1525 3253 1661 3333 θυγατρὶ

215 3363 297 3425 παῖς
317 3377 354 3420 τε
375 3355 472 3440 μητρὶ
498 3354 643 3434 μίγνυται
664 3351 744 3438 κόρη
772 3347 801 3415 τ’
827 3348 965 3437 ἀδελφῷ.
1017 3354 1115 3420 Hunc
1145 3366 1255 3420 autem
1285 3376 1381 3420 usum
1411 3364 1448 3421 ut
1478 3358 1660 3421 imitaretur

218 3481 314 3524 nemo
329 3459 490 3545 pellectus
514 3467 572 3522 est.
617 3455 855 3544 Aristophanes
874 3455 1010 3521 eandem
1034 3460 1227 3523 sententiam
1242 3459 1306 3523 Nu.
1325 3457 1406 3522 1372
1422 3457 1469 3522 ita
1484 3460 1657 3544 expressit,

215 3572 254 3628 -ut
278 3563 403 3626 diceret
425 3557 468 3631 ιός
489 3556 588 3642 ἕβίνει
609 3553 751 3641 ἁδελφὸς
773 3543 941 3633 ὦλεξίκακε
961 3555 1020 3632 τὴν
1044 3554 1244 3644 ὁμομητρίαν
1262 3553 1417 3644 ἀδελφήν.

324 3696 442 3764 Omnia
467 3720 552 3784 quae
576 3696 684 3762 adhuc
708 3697 829 3782 protuli
856 3695 1006 3782 exempla
1030 3719 1070 3760 cx
1094 3694 1261 3782 Euripidis
1284 3697 1405 3761 fabalis
1429 3705 1559 3781 sumpta
1575 3704 1658 3780 sunt,

213 3823 317 3887 quem
346 3799 422 3865 huic
453 3802 525 3864 usui
554 3799 766 3864 vehementer
794 3799 968 3863 indulsisse
999 3801 1076 3863 satis
1105 3799 1255 3886 probavi.
1299 3799 1527 3864 Praecedebat
1550 3811 1658 3863 autem

214 3906 247 3968 ci
285 3903 480 3989 Aeschylus.
539 3902 601 3967 Ille
639 3923 754 3966 versus
789 3900 847 3965 Ch.
881 3900 954 3983 500,
990 3902 1030 3966 de
1065 3923 1130 3988 quo
1163 3923 1262 3989 supra
1294 3901 1371 3983 dixi,
1406 3897 1526 3981 οἴκτιρε
1554 3899 1658 3982 θῆλυν

213 3999 354 4082 -ἅρσενός
383 3997 419 4069 θ’
451 4001 532 4085 όμοῦ
565 4003 651 4084 γόον,
688 4003 750 4069 hoc
780 4003 877 4068 modo
907 4003 1147 4088 intellegendus
1171 4013 1231 4085 est,
1261 4012 1293 4068 et
1315 4003 1399 4067 alter
1422 4012 1530 4068 exstat
1552 4003 1655 4089 locus,

213 4128 283 4193 quo
314 4108 451 4172 similem
484 4130 579 4172 usum
611 4109 803 4190 invenimus,
838 4129 857 4170 a
892 4108 1013 4170 criticis
1047 4108 1138 4171 varie
1180 4113 1340 4171 tractatus
1377 4115 1407 4170 et
1444 4103 1655 4170 deformatus.

217 4213 281 4294 Ag.
327 4211 389 4275 338
435 4231 506 4296 sqq.
550 4212 664 4294 regina
708 4209 927 4276 Troianorum
972 4221 1143 4293 captorum
1188 4208 1413 4274 condicionem
1456 4207 1506 4271 his
1544 4208 1655 4272 verbis

212 4313 393 4379 describit:

216 4469 307 4479 ———-

322 4571 343 4636 ¹)
362 4567 395 4620 In
415 4564 544 4620 omnibus
562 4565 668 4636 linguis
687 4566 813 4635 exempla
832 4564 915 4618 huius
934 4582 1001 4618 usus
1020 4565 1123 4618 similia
1141 4565 1333 4636 inveniuntur,
1352 4566 1406 4620 etsi
1425 4566 1513 4620 multo
1532 4567 1652 4635 rariora3

217 4672 240 4714 e,
264 4673 292 4726 g.
321 4653 390 4708 dicit
417 4651 535 4706 Tacitus
564 4669 628 4710 ann.
647 4653 707 4722 6,9
734 4651 768 4705 de
796 4651 894 4705 liberis
920 4650 1029 4708 Seiani:
1061 4651 1150 4722 igitur
1173 4656 1324 4722 portantur
1349 4653 1379 4705 in
1402 4669 1550 4722 carcerem,
1573 4652 1652 4706 filius

216 4742 419 4795 imminentium
448 4739 625 4811 intellegens
655 4739 749 4809 puella
778 4738 848 4792 adeo
879 4738 984 4807 nescia,
1010 4744 1041 4793 ut
1061 4739 1160 4794 crebro
1180 4741 1440 4810 interrogaret...;
1469 4739 1505 4794 of.
1524 4741 1652 4792 nostrum

208 4827 318 4900 lange,
337 4827 477 4885 Gallicum
496 4827 565 4898 fille,
583 4826 647 4886 alia.
