3796 5518
903 417 1112 482 ..32-

278 589 428 683 εδνὴτρια
458 599 514 664 Tr.
545 601 609 666 922
622 601 664 684 ¹);
694 600 868 686 Euripides
891 604 1029 688 praebet
1057 600 1241 688 πενδήτρια
1271 605 1323 670 Ηί.
1347 605 1420 686 805,
1449 601 1640 688 μορφώτρια
1663 607 1721 674 Tr,

277 701 351 768 437.
395 700 498 787 Apud
527 703 668 768 comicos
700 715 821 767 autem¹
839 703 921 770 baec
951 705 1058 770 forma
1088 706 1253 772 sollemnis
1282 716 1341 791 est,
1372 707 1464 772 velut
1486 703 1637 790 δράστρια
1660 708 1720 774 Th.

277 803 351 884 392,
382 800 568 889 λαικάστρια
601 804 684 870 Ach.
717 805 790 886 529,
820 802 1018 887 νυμφεύτρια
1047 807 1131 876 Acb.
1155 809 1239 875 105ss
1269 810 1436 896 multaque
1468 809 1533 874 alia
1555 809 1720 895 leguntur.

278 903 405 970 Eadem
429 906 510 972 haec
532 909 717 973 terminatio
741 928 816 988 τρια
837 908 1022 974 nominibus
1046 934 1065 973 a
1083 913 1185 997 stirpe
1203 911 1360 977 derivatis
1376 911 1571 994 addebatur,
1587 915 1614 976 si
1630 915 1722 998 prior

277 1006 409 1093 syllaba
433 1019 490 1074 aut
513 1018 630 1074 natura
653 1009 752 1095 longa
775 1020 844 1076 erat
867 1013 980 1076 autin
1003 1023 1237 1078 consonantem
1259 1015 1409 1090 cadebat,
1432 1015 1478 1078 ita
1501 1025 1537 1078 ut
1560 1017 1721 1100 positione

277 1109 527 1196 produceretur.
585 1112 692 1176 Huius
725 1122 834 1177 autem
866 1116 997 1198 generis
1029 1116 1161 1180 nomina
1194 1116 1284 1204 apud
1317 1119 1461 1190 tragicos
1497 1117 1563 1181 duo
1600 1117 1720 1199 iuveni,

199 1211 201 1214 ’
278 1212 332 1278 Hi.
355 1213 419 1278 589
453 1212 686 1298 προμνήστρια,
719 1215 808 1279 Iouis
836 1217 876 1280 fr.
909 1217 950 1280 22
978 1213 1130 1299 ψάλτρια,
1162 1218 1477 1304 quibus-addantur
1514 1218 1721 1305 Aeschyleus

276 1315 390 1381 titulus
404 1311 554 1397 Ξάντριαι
565 1325 598 1382 et
613 1315 816 1404 Sophocleus
833 1313 1018 1400 Πλυντριαι.
1067 1319 1165 1385 Plura
1180 1332 1310 1386 exstant
1326 1320 1413 1407 apud
1429 1323 1572 1387 comicos
1594 1331 1720 1408 poetas,

276 1413 502 1502 προμνήστρια
529 1418 593 1484 Nu.
622 1420 673 1501 41,
705 1417 907 1502 συλλήπτρια
936 1420 1027 1486 Arist
1057 1421 1095 1488 fr.
1119 1423 1191 1505 864,
1221 1421 1365 1505 βάπτρια
1390 1423 1560 1510 Eupolidis
1583 1425 1622 1492 fr.
1644 1426 1720 1506 401,

278 1517 441 1602 συβώτρια
463 1522 609 1588 Platonis
632 1523 672 1588 lr.
695 1525 768 1606 21],
798 1520 1032 1605 πανδοκεύτρια
1054 1525 1116 1591 Vc.
1138 1527 1190 1608 35,
1220 1523 1445 1608 συκοφάντρια
1469 1526 1517 1592 Pl.
1540 1527 1614 1609 970,
1644 1527 1719 1591 alia.

384 1625 461 1688 Duo
494 1632 630 1706 tantum,
661 1647 801 1711 quorum
830 1626 962 1713 quidem
986 1627 1118 1714 syllaba
1139 1630 1230 1713 prior
1252 1629 1352 1714 longa
1376 1638 1433 1708 est,
1463 1629 1495 1692 in
1518 1649 1565 1697 τις
1587 1641 1721 1713 exeunt,

278 1726 352 1792 dico
376 1749 547 1792 commune
569 1726 652 1792 illud
673 1727 833 1812 προφῆτις
855 1736 887 1793 et
909 1732 1071 1814 tragicum
1095 1733 1271 1813 παμβῶτις,
1296 1731 1385 1818 quod
1408 1731 1529 1814 legitur
1544 1730 1642 1816 Sopb.
1660 1732 1720 1800 Ph.

278 1830 352 1914 391,
386 1852 462 1895 cum
495 1832 583 1918 apud
614 1831 784 1896 Platonem
818 1835 979 1898 comicum
1012 1835 1111 1899 modo
1148 1835 1368 1900 invenerimus
1404 1831 1573 1916 cupideque.
1625 1832 1721 1898 Haec

278 1941 387 1998 autem
407 1937 539 1999 nomina
560 1942 674 2000 vetera
697 1944 728 1999 et
749 1935 888 2000 formam
911 1937 1000 2000 illam
1022 1939 1176 2022 priorem,
1204 1936 1291 2002 velut
1311 1927 1500 2020 ἠεροφοῖτις,
1515 1946 1627 2000 secuta
1643 1957 1714 2000 esse

278 2045 369 2101 recte
393 2037 528 2101 credere
553 2036 629 2100 mibi
652 2035 777 2102 videor.

384 2140 445 2204 His
461 2149 570 2204 autem
585 2141 700 2225 paucis
715 2144 872 2228 exceptis,
891 2163 975 2227 quae
998 2144 1139 2207 sermoni
1156 2142 1242 2207 elato
1257 2139 1465 2208 attribuenda
1481 2150 1564 2222 suut,
1577 2139 1719 2206 formam

277 2241 465 2307 femininam
478 2243 642 2307 nominum
658 2243 691 2306 iu
705 2261 761 2327 της
776 2245 822 2307 sic
837 2243 970 2308 formari
986 2245 1117 2310 solitam
1136 2266 1205 2309 csse
1222 2245 1458 2322 contendimus,
1482 2251 1516 2306 ut
1540 2242 1719 2307 nominalia

277 2357 479 2410 assumerent
502 2364 556 2422 τις,
585 2352 770 2411 ceterorum
788 2369 836 2427 ea,
856 2368 995 2432 quorum
1011 2369 1096 2434 quae
1109 2357 1216 2412 exstat
1228 2357 1303 2412 ante
1315 2346 1577 2411 terminationem
1588 2344 1721 2428 syllaba

277 2448 418 2515 cadebat
433 2449 466 2512 in
477 2449 613 2513 brevem
625 2449 784 2531 vocalem,
796 2450 884 2514 idem
895 2469 952 2531 τις,
964 2460 1076 2515 cetera
1087 2472 1167 2532 τρια.
1202 2451 1364 2516 Brevibus
1377 2450 1460 2511 enim
1483 2446 1621 2532 syllabis
1644 2466 1721 2525 τρια

277 2575 439 2638 nusquam
469 2550 600 2637 adiungi
633 2551 770 2635 solebat,
808 2575 881 2618 cum
912 2553 1131 2634 παιδολέτρια,
1157 2550 1365 2636 προστάτρια,
1395 2543 1604 2629 ὑποστάτρια,
1634 2570 1720 2634 quae

278 2655 531 2725 Buttmannus2)
553 2653 673 2734 attulit,
691 2657 865 2740 postremis
887 2655 1092 2721 Graecorum
1115 2656 1318 2742 temporibus
1345 2657 1486 2718 formata
1509 2653 1581 2732 sint,
1612 2673 1719 2737 neque

278 2760 325 2824 eis
354 2758 396 2822 de
426 2779 488 2822 usu
516 2759 713 2844 optimorum
737 2767 923 2842 temporum
946 2760 1122 2845 quicquam
1146 2759 1314 2845 probetur.
1359 2753 1587 2820 Differentiam
1611 2763 1720 2818 autem

277 2870 361 2935 inter
389 2882 484 2924 usum
513 2861 715 2943 tragicorum
746 2869 778 2924 et
809 2863 1006 2926 comicorum
1038 2873 1181 2927 statuere
1203 2884 1268 2926 nou
1292 2860 1408 2939 audeo,
1434 2856 1496 2920 nisi
1519 2854 1606 2940 quod
1631 2855 1720 2942 apud

278 2962 336 3028 hos
358 2983 513 3027 numerus
536 2962 699 3027 nominum
724 2966 758 3027 iu
778 2984 850 3043 τρια
873 2967 1060 3030 exeuntium
1084 2965 1188 3029 multo
1211 2966 1314 3029 maior
1337 2973 1396 3042 est,
1419 2982 1492 3024 cum
1514 2958 1663 3022 verbalia
1685 2958 1719 3022 in

277 3085 332 3150 της
367 3057 561 3150 praevalere
598 3064 713 3130 tabula
746 3088 844 3152 quam
880 3089 912 3153 p.
944 3068 986 3132 80
1025 3067 1101 3132 dedi
1139 3065 1394 3131 demonstratum
1432 3065 1482 3146 sit,
1522 3073 1554 3126 et
1588 3061 1719 3146 saepius

279 3169 410 3234 comicis
434 3166 540 3231 forma
563 3166 718 3232 feminina
742 3176 826 3232 esset
848 3167 1014 3244 utendum,
1039 3191 1112 3234 cum
1135 3183 1331 3258 tamennon
1355 3166 1523 3248 haberent,
1548 3176 1585 3228 ut
1600 3165 1718 3245 tragici

277 3282 405 3358 poetae,
429 3291 494 3355 qua
517 3268 581 3333 alia
604 3270 832 3335 terminatione
857 3271 940 3336 illud
962 3294 1066 3357 genus
1090 3273 1310 3357 designarent.

383 3371 508 3437 Eodem
531 3372 628 3436 modo
651 3374 783 3438 nomina
805 3374 861 3439 illa
885 3377 917 3438 in
946 3396 1067 3459 τηριον,
1090 3376 1181 3440 velut
1204 3367 1418 3454 δικαστήριον,
1449 3369 1577 3457 quibua,
1599 3390 1674 3432 cum
1698 3389 1718 3429 a

276 3475 462 3542 nominibus
495 3477 528 3539 in
569 3495 624 3558 της
657 3477 814 3564 imprimis
848 3476 1049 3554 deriventur,
1082 3497 1137 3561 της
1171 3477 1279 3541 locum
1317 3477 1423 3540 suffixi
1451 3493 1511 3557 τηρ
1535 3491 1718 3554 occupasse

277 3581 529 3657 demonstratur,
558 3581 592 3643 iu
622 3580 792 3645 comoedia
818 3581 1084 3666 frequentissima
1108 3593 1191 3661 sunt,
1221 3602 1296 3645 cum
1326 3590 1439 3642 contra
1462 3573 1550 3659 apud
1574 3577 1718 3657 tragicos

276 3705 350 3747 raro
394 3681 555 3766 legantur,
609 3683 696 3769 apud
738 3682 919 3748 Homerum
968 3685 1097 3748 omuino
1136 3684 1252 3748 desint.
1308 3681 1362 3745 Ad
1409 3689 1567 3765 quantum
1605 3689 1718 3740 autem

276 3784 421 3850 studium
439 3782 582 3847 verbalis
598 3786 833 3849 terminationis
850 3805 923 3866 τρια
946 3785 1184 3870 Aristophanes
1201 3786 1407 3870 processerit,
1423 3783 1585 3868 probatur
1606 3779 1719 3862 glossa

275 3886 333 3952 illa
354 3882 511 3968 ναὺτριαι,
537 3909 620 3973 quae
644 3887 683 3953 fr.
707 3889 768 3952 825
792 3898 924 3952 servata
948 3897 1006 3970 est,
1029 3889 1070 3952 de
1093 3911 1160 3974 qua
1181 3889 1266 3952 infra
1288 3908 1395 3973 pauca
1418 3883 1557 3948 dicenda
1580 3879 1697 3958 suntss).

384 3989 556 4053 Feminiua
601 3997 711 4054 autem
748 3992 932 4054 terminatio
970 4011 1017 4062 τις
1057 4001 1093 4054 ut
1140 3993 1232 4076 stirpi
1280 3987 1408 4054 verbali
1432 3981 1434 3985 ’
1454 3985 1638 4062 adderetur,
1682 3985 1718 4048 in

276 4091 447 4156 comoedia
470 4092 542 4156 fieri
566 4113 700 4176 prorsus
723 4114 786 4156 uon
808 4101 948 4177 poterat.
993 4093 1055 4158 Nu.
1080 4094 1143 4158 730
1173 4095 1258 4157 enim
1285 4094 1331 4161 τίς
1360 4081 1399 4152 δν
1421 4081 1490 4173 δῆτ’
1514 4083 1662 4169 ἐπιβάλοι
1684 4083 1720 4157 ἐξ

274 4187 456 4275 ἀρνακίδων
496 4193 625 4276 γνώμην
665 4187 909 4278 ἀπυστερητίδα
945 4203 1155 4261 mutaverunt
1194 4196 1297 4259 critici
1337 4196 1370 4258 in
1409 4185 1715 4274 incorruptatum),

380 4399 402 4472 ¹)
421 4398 566 4453 Nauckius
585 4398 659 4451 stud.
679 4399 745 4458 Eur¹
774 4399 800 4452 ll
826 4400 878 4454 175
901 4400 1025 4453 scribere
1050 4399 1150 4453 maluit
1172 4393 1330 4474 ια’νοὶτριαν,
1354 4393 1516 4448 Lobeakius
1534 4392 1642 4462 Phryn.
1660 4390 1715 4445 204

275 4488 425 4555 utramque
444 4485 563 4538 formam
581 4489 687 4538 rectam
706 4503 767 4539 esse
786 4485 866 4546 dixit,

382 4575 392 4606 ²
469 4573 475 4584 “
532 4616 538 4628 .
598 4588 629 4623 ra
648 4573 684 4626 h.
739 4578 749 4606 ²
788 4617 792 4630 .
832 4584 873 4626 ⁸.

382 4573 405 4729 'l
423 4571 604 4728 gdbedtbpdde
631 4573 787 4712 inludump
805 4574 915 4713 ἕξοιίλ
949 4658 1084 4712 suffixum
1120 4674 1186 4732 τρια
1221 4653 1355 4726 cognosci
1384 4652 1469 4704 ctiam
1494 4653 1588 4722 potest
1613 4666 1647 4701 ex
1671 4648 1714 4701 eis

273 4761 347 4816 quac
365 4745 449 4800 modo
469 4745 552 4800 attuli
570 4741 752 4821 προστάτρια,
771 4745 843 4804 aliis.

378 4833 400 4904 ⁴)
421 4833 464 4886 De
483 4832 536 4885 hac
554 4832 755 4886 terminatione
773 4831 860 4887 verba
880 4832 949 4886 fecit
966 4829 1129 4884 Lobeclrius
1149 4827 1255 4899 Phryn.
1273 4828 1333 4884 255.
