3796 5518
894 435 1107 500 ,78-

385 623 467 690 Cum
482 627 623 706 nomina,
647 646 731 710 quae
747 624 779 686 in
802 643 866 702 τωρ
888 644 945 706 τηρ
969 632 1099 702 exeunt,
1121 646 1219 690 cursu
1240 626 1397 711 temporis
1421 636 1454 689 et
1477 625 1567 710 apud
1590 624 1715 691 diversi

278 729 407 813 generis
441 736 556 812 poetas
591 725 751 812 paulatim
786 725 951 791 deminuta
986 748 1056 791 esse
1086 725 1267 809 videamus,
1297 730 1426 792 inversa
1455 749 1508 792 res
1538 738 1586 790 est
1614 729 1717 793 ineis

276 831 471 912 nominibus,
505 852 589 916 qnae
623 831 740 894 suffixo
769 849 826 912 της
853 829 1119 915 praeditasunt.
1168 829 1261 894 Haec
1292 830 1375 894 enim
1407 837 1482 895 sunt
1512 828 1716 895 Graecorum

276 933 413 1018 propria
440 933 582 1018 ideoque
612 933 645 997 in
676 953 824 996 sermone
855 931 997 995 naturali
1030 954 1155 997 summo
1185 955 1258 997 oum
1283 931 1391 998 studio
1415 931 1546 996 exculta
1568 942 1601 996 et
1623 956 1716 998 usur·

276 1043 364 1120 pata.
432 1035 591 1100 Suffixum
643 1055 698 1118 της
748 1033 960 1099 substantivis
1005 1036 1102 1098 etiam
1144 1035 1393 1118 emungebatur,
1436 1055 1503 1119 qua
1539 1033 1579 1099 de
1616 1057 1716 1100 causa

277 1135 543 1220 distinguendum
574 1136 669 1202 nobis
701 1147 748 1201 est
777 1137 862 1200 inter
892 1159 931 1199 ea
961 1138 1102 1219 nomina,
1132 1158 1216 1222 quae
1241 1139 1413 1202 anomine
1437 1135 1558 1219 stilla,
1588 1159 1716 1222 quasa

276 1242 378 1326 stirpe
403 1240 454 1304 vel
477 1262 497 1304 a
518 1239 622 1304 verbo
646 1239 796 1304 derivata
819 1248 903 1303 sunt.

384 1361 434 1424 Ao
457 1360 597 1444 primum
613 1359 744 1444 quidem
768 1358 1041 1442 perlustrabimus
1064 1383 1113 1442 ea,
1136 1382 1220 1446 quae
1245 1382 1264 1423 a
1286 1383 1377 1425 mera
1400 1362 1501 1447 stirpe
1527 1369 1560 1424 et
1582 1360 1715 1445 quidem

276 1462 506 1547 monosyllaba
529 1460 629 1526 ducta
659 1472 742 1526 sunt.
798 1460 1047 1544 Neglegendum
1081 1470 1190 1526 autem
1223 1485 1286 1527 non
1323 1473 1370 1528 est
1399 1485 1507 1549 pauca
1540 1460 1714 1526 admodum

277 1588 390 1630 corum
422 1586 492 1628 esse
522 1563 692 1648 simplicia,
723 1564 821 1648 plane
852 1562 944 1628 aliter
975 1576 1071 1648 atque
1103 1587 1140 1627 ea
1163 1566 1195 1627 in
1218 1586 1286 1648 τηρ.
1330 1565 1493 1630 Homerus
1517 1565 1600 1628 enirn
1625 1563 1716 1627 nulla

276 1672 368 1733 novit
389 1669 451 1732 nisi
473 1665 587 1750 βύκτης
609 1691 628 1728 κ
650 1668 701 1747 20,
725 1667 836 1750 δεκτης
858 1665 878 1728 (1
900 1666 971 1747 248,
994 1665 1129 1750 κλέπτης
1152 1669 1182 1728 Γ
1202 1669 1253 1748 11,
1285 1671 1394 1750 σίντης
1414 1668 1454 1728 Λ
1475 1667 1547 1748 481,
1577 1661 1716 1750 τρώκτης

276 1773 295 1844 ξ
323 1771 395 1850 289,
418 1764 561 1852 ψεύστης
593 1768 623 1831 Ω
652 1770 725 1834 261.
779 1769 913 1832 Monere
942 1791 1007 1832 non
1038 1770 1199 1834 omiserim
1229 1769 1345 1834 horum
1378 1771 1521 1833 omnium
1552 1768 1714 1853 syllabam

277 1877 420 1962 priorem
458 1895 527 1937 esse
564 1871 769 1959 productam,
805 1894 870 1956 qua
907 1872 948 1936 de
983 1894 1018 1936 re
1051 1872 1082 1936 in
1117 1874 1306 1937 universum
1342 1872 1497 1937 nonnulla
1534 1873 1598 1935 iam
1632 1869 1715 1935 dixit

276 1977 464 2043 Lobeckius
475 1977 508 2054 ¹).
568 1976 668 2060 Apud
710 1974 910 2062 Aeschylum
945 1983 1055 2038 autem
1089 1977 1151 2039 tris
1187 1973 1508 2058 tantum-leguntur
1545 1971 1715 2058 simplicia,
1754 2019 1757 2026 .

274 2079 411 2163 κλέπτης
441 2079 493 2146 Pr.
525 2079 597 2157 978,
627 2080 713 2161 τίτης
743 2079 806 2161 Ag.
830 2078 880 2158 72,
909 2077 971 2141 Eu.
1002 2078 1075 2158 257,
1105 2077 1164 2144 Oh.
1188 2080 1239 2160 65,
1270 2076 1378 2162 κριτής
1404 2078 1460 2144 Pe.
1484 2077 1547 2142 229
1577 2075 1714 2161 aliisque

275 2182 401 2258 locis2).
438 2181 536 2267 Apud
554 2179 751 2266 Sophoclem
775 2189 884 2244 autem
907 2179 1061 2262 leguntur
1084 2190 1116 2242 et
1138 2180 1196 2245 illa
1212 2180 1398 2266 Aeschyleo
1422 2190 1561 2264 excepto
1583 2181 1713 2243 nomine

275 2288 361 2369 τίτης
395 2295 427 2348 et
459 2278 601 2366 ψεύστης
638 2283 699 2347 An.
737 2284 829 2364 1195,
862 2280 982 2364 πύκτης
1018 2283 1073 2346 Tr.
1109 2285 1183 2349 442.
1243 2283 1417 2370 Euripides
1447 2282 1527 2347 haec
1557 2280 1713 2368 praebet:

274 2386 382 2470 κριτης
405 2387 460 2452 Al.
484 2385 557 2467 801,
587 2385 726 2469 κλέπτης
755 2384 811 2449 IT.
840 2385 931 2464 1026,
961 2385 1066 2469 κτίτης
1088 2383 1144 2450 Or.
1169 2387 1262 2465 1621,
1291 2382 1413 2468 μύστης
1434 2386 1474 2452 fr.
1497 2387 1569 2466 472,
1599 2379 1716 2468 δήκτης

274 2490 315 2556 fr.
339 2489 412 2566 555,
435 2479 542 2571 ύτίτης
567 2488 646 2556 Her.
670 2489 741 2554 614.
789 2487 1026 2573 Aristophanes
1052 2489 1192 2574 denique
1215 2510 1280 2554 non
1303 2491 1435 2573 parcius
1457 2488 1506 2552 his
1528 2484 1712 2552 nominibus

276 2592 443 2657 utebatur.
480 2591 653 2675 Leguntur
675 2589 762 2677 apud
788 2613 862 2654 eum
884 2587 991 2674 κριτης
1012 2591 1093 2657 Ach.
1119 2593 1210 2672 1224,
1233 2590 1370 2675 κλέπτης
1392 2591 1452 2676 Εη.
1469 2589 1561 2670 1252,
1576 2584 1713 2672 χρήστης

278 2694 339 2760 Nu.
364 2696 436 2776 240,
466 2689 588 2778 μύστης
611 2693 670 2758 Ra.
694 2694 766 2772 370,
797 2689 864 2777 ἴτης
885 2693 948 2758 Nu.
971 2683 1043 2776 445,
1073 2689 1174 2778 πύτης
1195 2695 1258 2758 Nu.
1284 2695 1334 2776 57,
1366 2693 1455 2780 quod
1484 2694 1561 2758 item
1592 2692 1712 2776 legitur

275 2797 422 2861 Platonis
460 2797 500 2861 fr.
539 2795 607 2862 190.
674 2796 747 2860 Hoc
789 2805 897 2859 autem
939 2808 1138 2880 postremum
1176 2808 1348 2884 tantopere
1387 2797 1467 2862 abiit
1503 2797 1535 2860 in
1573 2796 1710 2859 formam

274 2899 437 2981 admetiri,
471 2909 506 2963 ut
540 2898 600 2963 Th.
633 2899 695 2963 735
728 2896 781 2961 vel
817 2897 1036 2984 superlativus
1066 2892 1261 2968 ποτίστατος
1291 2899 1430 2983 legatur.
1475 2897 1572 2977 Quod
1602 2906 1711 2962 autem

273 3012 381 3067 exstat
404 2997 520 3070 σύκτας
534 3001 585 3067 Pl.
602 3001 661 3066 681
679 2998 790 3064 ἔπειτα
812 2995 908 3062 ταῦθ’
931 2995 1032 3084 ἥγιζεν
1046 2997 1077 3070 ἐς
1098 2997 1217 3064 σάκταν
1231 2998 1312 3081 τινύ,
1335 3024 1400 3087 quo
1422 3001 1519 3065 modo
1534 3002 1711 3065 formatum

273 3107 325 3187 sit,
347 3105 491 3169 nondum
515 3115 664 3190 apertum
688 3105 786 3185 est³);
810 3115 945 3190 propter
963 3105 1181 3188 significatum
1205 3116 1238 3169 et
1261 3105 1399 3169 formam
1423 3104 1478 3169 illo
1504 3103 1577 3168 loco
1593 3105 1709 3166 miram

274 3229 390 3271 nomen
427 3209 553 3290 agentis
587 3208 815 3292 accipiendum
850 3216 938 3272 certe
973 3231 1036 3272 non
1070 3217 1127 3274 est.
1184 3208 1290 3272 Aliter
1320 3218 1430 3271 autem
1460 3227 1513 3270 res
1546 3227 1580 3268 se
1609 3205 1710 3269 babet

273 3307 436 3374 Strattidis
465 3311 504 3373 fr.
535 3310 587 3390 47,
619 3308 674 3373 ubi
706 3310 747 3373 de
779 3308 1009 3375 Thebanorum
1040 3310 1179 3374 stultitia
1208 3311 1311 3375 verba
1341 3309 1431 3390 fiunt,
1462 3310 1516 3394 qui
1546 3308 1709 3372 medicum

273 3422 390 3475 vocant
413 3407 541 3494 σάκταν,
565 3414 585 3478 i.
610 3434 635 3475 e.
659 3415 886 3494 saginatorem.

379 3530 537 3595 Suffixum
560 3552 615 3614 της
636 3516 798 3617 posterius
821 3532 975 3616 idemque
991 3531 1033 3594 ad
1049 3552 1177 3595 omnem
1193 3553 1288 3595 usum
1305 3529 1446 3595 habilius
1462 3539 1510 3594 est
1525 3552 1622 3616 quarn
1639 3551 1708 3614 τηρ.

272 3631 411 3697 Duabus
441 3645 550 3698 autem
581 3633 679 3698 rebus
708 3635 869 3720 probatur
897 3633 979 3698 haec
1010 3636 1179 3700 sententia.
1224 3635 1275 3697 Ae
1305 3636 1410 3720 prima
1434 3631 1565 3719 quidem
1589 3655 1627 3697 ea
1650 3641 1708 3713 est,

272 3734 360 3822 quod
392 3758 430 3799 ea
460 3738 600 3816 nomina,
634 3759 718 3822 quae
741 3760 761 3800 a
784 3739 885 3822 stirpe
913 3734 1077 3820 bisyllaba
1101 3736 1199 3800 ducta
1220 3749 1305 3818 sunt,
1328 3738 1400 3801 dico
1424 3728 1533 3818 ἀχέτης
1558 3735 1611 3802 Pr.
1635 3733 1708 3816 597,

271 3843 406 3921 γαμέτης
435 3841 489 3904 Pr.
513 3840 586 3919 925,
614 3834 775 3924 ὑπηρέτης
806 3840 858 3906 Pr.
882 3839 955 3912 986.
984 3843 1110 3922 γενέτης
1131 3838 1184 3904 Se.
1210 3841 1281 3921 19],
1311 3836 1412 3921 ἱκέτης
1441 3838 1495 3904 Su.
1518 3839 1568 3920 21,
1599 3831 1709 3921 sirtica?

270 3940 323 4006 Se.
349 3941 420 4023 785,
452 3942 541 4025 apud
565 3940 764 4025 Sophoclem
787 3945 944 4024 βρεμέτης
966 3941 1029 4005 An.
1056 3942 1146 4020 1116,
1175 3933 1346 4025 ὀφειλέτης
1369 3942 1421 4022 Ai.
1444 3941 1515 4024 590,
1544 3936 1709 4021 εὐεργέτης

269 4044 332 4107 An.
356 4044 427 4126 284,
459 4044 523 4108 alia
553 4043 655 4107 multa
687 4043 774 4130 apud
805 4041 995 4130 Euripidem
1027 4056 1059 4109 et
1087 4043 1354 4130 Aristophanem,
1385 4065 1523 4130 quorum
1553 4042 1707 4128 analogia

270 4145 452 4209 factasunt
477 4143 606 4229 οἰκέτης,
635 4140 769 4227 εὐνέτης,
792 4146 940 4229 φυλέτης,
963 4148 1069 4212 omnia
1092 4168 1132 4210 ne
1154 4167 1219 4211 uno
1250 4147 1381 4232 quidem
1417 4156 1553 4232 excepto
1587 4154 1707 4210 exeunt

269 4249 302 4312 in
325 4267 388 4330 της,
420 4271 597 4334 numquam
627 4250 658 4312 in
690 4270 759 4331 τηρ.
805 4249 923 4316 Altera
955 4257 1063 4314 autem
1091 4271 1144 4314 res
1174 4249 1254 4314 haec
1285 4259 1343 4314 est.
1389 4247 1472 4312 Cum
1511 4249 1604 4335 eopia
1633 4271 1705 4312 ver-

374 4505 395 4567 1)
415 4501 632 4570 Paralipomena
651 4501 861 4555 Grammaticos
880 4501 1008 4556 Graecae
1027 4519 1054 4570 p.
1072 4502 1132 4555 427.

373 4588 395 4659 ²)
413 4587 571 4640 Accentum
597 4605 658 4640 esso
684 4587 856 4658 singularem
882 4588 1045 4642 observavit
1071 4586 1249 4640 Herodianus
1268 4603 1343 4640 mon.
1365 4587 1469 4654 40,16,
1506 4586 1553 4638 An
1571 4584 1705 4656 analogia

266 4692 332 4728 eum
357 4674 479 4744 positum
508 4691 569 4728 esse
596 4679 728 4744 putamus
753 4675 895 4728 nominum
918 4676 947 4728 in
972 4693 1032 4750 τηρ,
1050 4675 1216 4745 praesertim
1235 4691 1298 4726 cum
1316 4669 1407 4746 κριτής
1425 4673 1545 4743 primum
1564 4671 1705 4742 syllabam

268 4761 389 4830 priorem
408 4760 511 4814 habeat
531 4761 663 4815 brevem?

373 4851 394 4917 ⁸)
414 4848 457 4902 01.
476 4847 535 4902 Leo
555 4848 652 4918 Meyer
671 4834 833 4901 Handbuch
852 4865 874 4906 s.
893 4866 920 4903 v.
