3796 5518
813 447 1006 512 „5-

188 637 299 720 magis
313 637 483 720 magisque
499 644 632 720 poetam
647 631 797 698 videmus
812 636 1039 699 auctoritatem
1050 636 1184 700 minoris
1199 637 1248 702 sui
1265 636 1384 702 aemuli
1400 647 1591 723 sequentem
1602 638 1637 718 ¹),

189 736 321 802 Contra
351 745 461 801 autem
484 735 635 822 Euripidi
658 735 831 823 Sophoclis
861 760 1044 802 sermonem
1075 739 1227 826 exemplo
1258 740 1358 805 fuisse
1387 743 1526 825 vestigia
1547 740 1639 806 nulla

195 851 286 925 sunt,
321 841 434 904 dubito
465 848 574 903 tamen
605 861 646 904 an
674 841 707 903 in
738 849 875 904 externa
905 840 1020 904 fabula
1050 841 1250 919 adornanda,
1279 864 1345 927 qua
1368 843 1401 906 in
1423 865 1459 906 re
1482 841 1639 927 Sophocli

195 944 334 1008 multum
359 943 459 1006 ceteri
481 941 656 1024 debebant,
680 943 785 1006 minor
805 944 962 1007 maiorem
986 944 1132 1008 imitatus
1148 945 1189 1008 sit
1204 966 1457 1030 nonnumquam.
1489 944 1530 1009 Id
1546 947 1638 1028 enim,

188 1044 285 1130 quod
318 1066 468 1131 persona,
504 1067 588 1129 quae
620 1068 736 1110 recens
767 1047 800 1109 in
829 1067 980 1110 scaenam
1011 1045 1132 1131 prodit,
1162 1049 1195 1111 in
1225 1046 1333 1111 medio
1356 1049 1504 1112 trimetro
1526 1051 1640 1135 incipit

198 1147 302 1212 verba
338 1147 458 1228 facere,
497 1145 586 1232 quod
621 1149 672 1212 bis
707 1159 835 1213 tantum
874 1148 963 1234 apud
999 1152 1141 1231 tragicos
1178 1151 1298 1232 inveni,
1337 1150 1435 1237 Soph.
1469 1150 1529 1215 Ph.
1559 1151 1640 1218 974:

190 1252 265 1315 NE.
299 1251 332 1310 τί
349 1247 485 1330 δρῶμεν,
508 1243 639 1329 ἄνδρες)
671 1249 742 1316 ΟΔ.
766 1239 790 1311 ὦ
814 1242 938 1314 κάκιστ’
960 1245 1094 1335 ἀνδρῶν,
1123 1245 1156 1314 τί
1178 1253 1270 1336 δρᾷς
1308 1264 1341 1318 et
1370 1253 1446 1322 Eur.
1470 1253 1536 1320 IA.
1559 1255 1639 1322 414:

194 1355 272 1418 ME.
295 1352 403 1432 φίλους
435 1345 461 1414 τ’
485 1347 538 1414 ἐπ’
559 1347 681 1422 ἄλλους.
725 1357 832 1421 Ass.v
855 1343 879 1416 ὦ
902 1349 1116 1439 Πανελλήνων
1138 1349 1286 1429 ἄναξ....
1311 1355 1466 1442 Sophocli
1489 1358 1636 1421 tribuere

193 1456 265 1519 iure
287 1455 366 1519 mihi
387 1455 512 1537 videor,
537 1459 597 1520 etsi
622 1459 847 1542 quaestionem
873 1467 1062 1522 accuratam
1085 1457 1124 1522 de
1148 1459 1209 1523 hac
1231 1481 1267 1522 re
1292 1457 1525 1526 desideramus,

296 1592 360 1656 Hic
395 1614 492 1677 quem
527 1591 722 1656 adumbravi
754 1601 803 1656 est
835 1615 941 1659 sermo
969 1603 1142 1681 poetarum
1172 1597 1397 1658 scaenicorum
1427 1593 1641 1678 Graecorum,

200 1695 241 1758 de
280 1715 344 1778 quo
383 1694 628 1758 observationes
663 1696 835 1760 nonnullas
871 1697 1061 1782 prolaturus
1099 1719 1179 1762 sum.
1236 1697 1393 1780 Legentis
1422 1708 1498 1760 ante
1527 1697 1641 1762 oeulos

193 1816 323 1880 ponam,
348 1817 411 1882 quo
436 1796 533 1860 modo
558 1819 662 1860 sermo
679 1797 888 1882 Aeschyleus
911 1798 953 1862 ab
969 1798 1127 1884 Euripide
1150 1809 1303 1884 receptus
1327 1808 1359 1862 et
1382 1799 1532 1864 excultus
1556 1799 1641 1892 sit²)‚

190 1908 400 1985 quantopere
440 1898 621 1984 Sophocles
655 1901 795 1963 maxime
832 1903 865 1964 in
905 1905 1011 1985 prima
1049 1923 1148 1987 quam
1180 1903 1329 1966 novimus
1366 1901 1479 1966 fabula
1510 1902 1551 1965 ab
1582 1900 1641 1966 1110

196 2023 346 2065 sermone
380 2003 553 2065 recesserit
593 2012 624 2066 et
653 2003 971 2087 appropinquaverit
1000 2001 1042 2066 ad
1075 2005 1235 2068 rationem
1266 2003 1395 2068 dicendi
1426 2027 1639 2087 communem,

194 2103 375 2190 expolitam
411 2103 502 2168 illam
540 2105 673 2190 quidem
708 2114 740 2167 et
770 2115 929 2188 ornatam,
960 2117 992 2170 et
1022 2115 1137 2191 postea
1168 2105 1299 2170 demum
1321 2105 1382 2171 sub
1413 2108 1640 2172 auctoritatem

197 2205 364 2290 Euripidis
397 2209 534 2272 venerit.
592 2207 756 2292 Imprimis
795 2215 903 2272 autem
942 2209 976 2272 id
1013 2208 1092 2271 mihi
1132 2211 1300 2293 proposui,
1332 2219 1369 2273 ut
1401 2210 1573 2292 tragoedia
1606 2211 1640 2272 in

194 2311 472 2392 comparationem
497 2318 615 2373 vocata
641 2308 915 2391 demonstrarem,
939 2332 1023 2395 quae
1046 2310 1228 2375 Atticorum
1250 2312 1384 2397 propria
1406 2322 1523 2393 essent,
1543 2333 1640 2396 quem

194 2433 273 2474 vere
305 2413 460 2476 usitatum
491 2433 673 2476 sermonem
707 2423 840 2497 putare,
875 2434 959 2497 quae
991 2414 1103 2496 generi
1133 2413 1263 2477 dicendi
1293 2414 1377 2477 elato
1408 2424 1440 2476 et
1463 2413 1639 2478 artificioso

193 2514 338 2578 tribuere
370 2513 574 2578 deberemus
619 2513 726 2578 Huius
761 2513 928 2577 artificiosi
957 2516 1088 2598 generis
1117 2518 1208 2598 origo
1238 2514 1361 2601 duplex
1391 2539 1462 2580 esse
1491 2523 1639 2600 poterat;

194 2625 254 2680 aut
277 2639 295 2679 a
319 2618 453 2702 tragicis
482 2618 561 2702 ipsis
594 2616 770 2679 formatum
800 2625 857 2680 aut
888 2616 1078 2682 edialeetis
1100 2619 1198 2680 variis
1220 2629 1386 2703 sumptum
1409 2629 1466 2682 est.
1511 2616 1639 2698 Quibus

193 2729 352 2803 quantum
376 2719 551 2784 debuerint
573 2726 691 2802 poetae
715 2717 757 2781 ab
781 2718 853 2783 aliis
878 2719 957 2782 satis
979 2720 1044 2782 iam
1068 2718 1326 2784 demonstratum
1352 2729 1417 2804 est,
1447 2721 1503 2806 qui
1533 2741 1570 2782 ea
1598 2718 1638 2782 de

195 2843 230 2884 re
260 2821 358 2906 'plura
389 2820 584 2902 desiderant,
613 2822 788 2906 inspiciant
818 2821 1071 2904 dissertationes,
1102 2844 1182 2909 quas
1205 2825 1471 2910 conscripserunt
1493 2821 1637 2906 Eichler,

197 2921 314 3004 Gerth,
336 2922 487 3005 Althaus,
511 2921 707 3005 Wittekind,
731 2923 843 3009 Alyl).
878 2923 1059 2988 ·Oonatum
1092 2932 1202 2988 autem
1224 2925 1311 2990 hunc
1333 2948 1440 2989 meum
1464 2946 1502 2988 eo
1525 2926 1639 2988 intem·

194 3026 360 3108 pestivum
396 3047 461 3088 non
498 3047 569 3089 esse
606 3036 698 3110 puto,
736 3025 824 3110 quod
857 3028 983 3111 primus
1013 3027 1083 3090 fere
1114 3027 1215 3090 talem
1245 3030 1469 3113 quaestionem
1499 3027 1637 3112 suscepi.

198 3127 281 3192 Oum
306 3129 390 3190 enim
413 3128 530 3212 tragici
553 3138 671 3213 poetae
693 3130 778 3191 inter
801 3130 915 3216 seiam
932 3151 950 3192 a
967 3129 1190 3215 compluribus
1205 3133 1386 3216 comparati
1402 3133 1474 3212 sint,
1490 3151 1638 3215 quorum,

194 3238 356 3314 quantum
378 3231 622 3294 dissertationes
646 3230 689 3294 ad
710 3254 892 3296 sermonem
908 3237 1082 3317 pertinent,
1097 3233 1195 3298 laudo
1211 3235 1370 3320 imprimis
1385 3235 1479 3316 Peoz,
1496 3232 1637 3320 Capff4),

192 3333 290 3415 pauci
327 3340 454 3395 tantum
484 3334 686 3398 comoediam
708 3335 740 3397 in
761 3333 846 3397 hanc
868 3337 1091 3420 quaestionem
1113 3325 1295 3401 traxerunt.
1340 3337 1473 3418 Eorum,
1497 3337 1553 3422 qui
1573 3335 1637 3400 hoo

278 3637 319 3708 ‘·¹)
351 3637 394 3691 De
425 3637 549 3692 dictione
577 3638 735 3708 Sophoclea
763 3640 793 3691 in
820 3639 983 3693 universum
1014 3640 1103 3693 verba
1127 3641 1198 3694 fecit
1217 3641 1338 3696 Jebbius
1363 3642 1453 3712 praef.
1472 3642 1516 3697 ad.
1536 3643 1637 3712 'l'rach¹

192 3742 219 3793 p.
233 3725 268 3778 45
280 3741 347 3794 sqq;
368 3723 402 3776 de
421 3725 591 3778 auctoritate
610 3725 756 3795 Euripidis
776 3729 913 3796 quantum
932 3727 1054 3780 valuerit
1073 3727 1109 3779 ad
1128 3732 1295 3798 argumenta
1307 3727 1456 3798 Sophoclis
1476 3729 1638 3782 tabularum

194 3810 254 3880 egit
285 3809 474 3864 Wilamowitz
497 3812 551 3864 Die
575 3811 679 3866 beiden
703 3811 847 3882 Elektren‚
873 3812 996 3866 Hermae
1014 3813 1069 3872 vol.
1088 3814 1130 3882 18,
1148 3815 1214 3884 2343
1238 3820 1413 3885 quantopere
1436 3818 1531 3868 tamen
1556 3832 1638 3869 suum

191 3896 337 3967 ingenium
356 3901 469 3950 secutus
488 3898 526 3951 sit
543 3903 628 3968 poeta
646 3900 676 3952 in
694 3898 851 3952 tractandis
870 3899 930 3952 suis
950 3901 1124 3970 argumentis
1137 3900 1209 3954 bene
1224 3903 1354 3971 exposuit
1381 3902 1515 3955 Luebher
1541 3902 1638 3956 Ueber

193 3981 240 4035 die
269 3983 553 4038 characteristischen
583 3977 780 4040 unterschiede
811 3985 860 4039 des
890 3985 1049 4056 Sophokles
1084 3987 1143 4040 und
1173 3987 1333 4058 Euripides,
1362 3990 1394 4043 19
1403 3992 1431 4041 te
1461 3988 1637 4060 philologen-

193 4071 409 4141 versammlung‚
428 4070 653 4142 Braunsohweig
672 4073 751 4128 1860.

299 4172 320 4243 2)
339 4173 383 4228 Of.
401 4173 535 4228 Schirlitz
553 4175 598 4228 De
616 4175 754 4245 Euripide
772 4175 840 4229 novi
858 4176 995 4229 sermonis
1014 4175 1168 4247 conditore,
1187 4175 1270 4230 Halis
1289 4177 1368 4236 1865.

296 4290 317 4364 ⁸)
338 4291 452 4346 Eichler
471 4293 590 4347 Formae
609 4295 706 4364 spicae
725 4296 803 4365 apud
820 4296 997 4367 Sophoclem,
1016 4297 1173 4368 Gottingae
1192 4298 1272 4368 18733
1292 4298 1383 4353 Gerth
1410 4298 1454 4351 De
1473 4297 1638 4368 tragoediae

193 4377 325 4444 dialecto,
354 4378 428 4434 stud.
457 4379 597 4450 Lipsiens.
624 4382 707 4452 1868,
744 4382 867 4437 Althaus
895 4385 940 4438 De
965 4384 1130 4455 tragoediae
1153 4385 1284 4454 dorismo,
1309 4384 1435 4438 Berolini
1461 4384 1537 4454 1866,
1556 4384 1637 4454 181ος

196 4463 358 4518 Wittekind
384 4463 481 4519 Sermo
501 4466 681 4537 -Sophocleus
706 4476 846 4540 quatenus
872 4489 936 4526 eum
961 4472 1150 4542 scriptoribus
1173 4471 1278 4525 Ionicis
1304 4477 1443 4540 congruat
1464 4471 1582 4524 diflerat
1600 4471 1636 4525 ab

196 4550 311 4622 Atticis,
331 4551 433 4604 sissae
453 4554 535 4624 1896,
564 4554 623 4625 Aly
650 4556 695 4609 De
712 4556 851 4627 Aeschyli
869 4561 952 4628 copia
970 4558 1129 4628 verborum,
1151 4558 1363 4614 Bonnae1904.

298 4674 321 4746 ⁴)
342 4673 415 4727 Pecu
440 4673 495 4726 Die
520 4678 621 4745 tropen
645 4676 694 4730 des
720 4676 891 4748 Aeschylus,
916 4677 1074 4748 Sophokles
1098 4679 1158 4732 und
1183 4679 1344 4750 Euripides,
1372 4679 1469 4733 Berlin
1487 4679 1563 4748 1886,
1589 4678 1638 4750 qui

187 4763 377 4829 conspectum
403 4760 588 4831 plurimorum
616 4763 749 4817 similium
776 4764 911 4819 librorum
941 4764 1034 4836 dedit;
1069 4765 1156 4837 Capit
1186 4765 1242 4820 Die
1266 4766 1414 4837 poetisehe
1440 4765 1560 4836 sprache
1588 4767 1638 4820 der

186 4844 390 4914 ¹griechischen
408 4847 545 4919 tragiker,
563 4848 723 4904 Cannstadt
740 4851 819 4911 1895.
