3796 5518
787 407 1000 472 ..81-

169 591 263 674 Quae
292 601 328 657 ut
361 601 450 657 recte
478 593 701 678 intellegatur,
731 593 928 660 mouendum
960 605 1008 659 est
1038 592 1183 679 singulas
1214 596 1332 682 stirpes
1362 597 1462 662 semel
1486 607 1612 665 tantum

168 705 356 762 numeratas
403 694 484 776 esse,
541 719 607 761 nou
651 699 801 783 quotiens
847 696 981 762 eaedem
1027 698 1251 780 inveniantur3
1285 721 1324 764 ne
1356 703 1612 784 compositorum

170 800 303 885 quidem
319 798 432 863 habita
448 808 496 863 est
512 800 606 865 ratio.
638 801 755 886 Itaque
771 799 803 863 hi
819 801 956 882 numeri,
982 802 1043 864 etsi
1065 798 1268 884 singulorum
1291 813 1463 886 poetarum
1478 803 1611 870 fabulae

169 922 305 966 numero
356 899 553 986 discrepant,
589 903 764 986 imaginem
802 914 913 968 tamen
951 904 1029 968 satis
1064 900 1274 968 accedentem
1297 903 1339 968 ad
1372 927 1487 971 verum
1519 929 1615 973 usum

169 1003 340 1089 praebent,
372 1025 446 1067 cum
478 1005 574 1089 copia
603 1006 783 1070 verborum
815 1005 965 1070 absoluta
995 1005 1111 1070 eodem
1144 1025 1331 1089 progressu,
1361 1029 1425 1094 quo
1459 1029 1612 1076 numerus

169 1105 366 1188 fabularum,
382 1127 447 1169 non
464 1114 599 1188 crescat,
618 1129 726 1192 neque
743 1109 936 1194 cuiusquam
953 1106 1034 1171 adeo
1057 1129 1182 1194 paucae
1207 1120 1357 1173 servatae
1382 1112 1445 1175 sint
1467 1110 1611 1195 fabulae,

169 1218 205 1272 ut
228 1208 331 1273 multa
355 1209 425 1273 eius
449 1209 628 1274 verborum
649 1211 763 1294 ignota
784 1210 879 1275 nobis
902 1233 975 1275 esse
998 1218 1116 1295 putare
1140 1209 1329 1275 debeamus.

280 1311 385 1376 Multo
408 1313 521 1376 varior
543 1323 575 1376 et
606 1312 779 1392 excultior,
812 1335 910 1399 quam
941 1315 1108 1378 nominum
1137 1314 1171 1377 in
1200 1335 1265 1396 τωρ
1297 1321 1328 1376 et
1356 1335 1426 1398 τηρ,
1460 1316 1614 1383 feminina

171 1414 277 1478 forma
310 1424 359 1478 est
393 1435 516 1495 eorum,
556 1436 642 1500 quae
676 1417 709 1480 in
742 1436 800 1499 της
833 1415 999 1497 exeunt¹),
1031 1437 1129 1501 quam
1163 1414 1298 1496 Graeci,
1332 1439 1405 1481 cum
1439 1418 1565 1484 nullam
1595 1443 1614 1486 a

172 1515 352 1580 maioribus
376 1518 590 1601 accepissent,
618 1519 682 1603 ipsi
704 1519 766 1582 sibi
790 1519 932 1584 formare
956 1517 1130 1584 debebant.
1176 1518 1286 1603 Atque
1309 1519 1459 1585 fecerunt
1481 1523 1615 1607 quidem

171 1617 253 1682 illud
285 1618 469 1702 analogiam
499 1622 602 1683 secuti
636 1622 814 1702 nominum,
845 1621 937 1686 velut
959 1615 1123 1704 δεσπότης
1146 1613 1310 1702 δεσπότις,
1339 1611 1465 1704 όκοίτης
1485 1618 1614 1707 ἄκοιτις,

170 1715 365 1806 ἠεροφοίτης
381 1714 573 1805 ἠεροφοῖτις,
589 1723 737 1789 aliorum.
783 1724 877 1789 Haec
895 1724 1082 1789 terminatio
1097 1742 1144 1792 τις
1159 1722 1379 1787 nominalibus
1393 1725 1534 1810 primum
1559 1727 1615 1792 ad-

172 1824 366 1908 iungebatur
408 1848 588 1912 eorumque
632 1830 767 1913 propria
806 1827 894 1892 facta
936 1835 994 1907 est,
1030 1821 1172 1910 δημότις,
1201 1824 1338 1906 φυλέτις,
1366 1825 1533 1909 δεσμῶτις,
1563 1827 1615 1911 al,

173 1930 264 1992 cuius
287 1951 365 1993 usus
388 1927 475 2015 apud
497 1929 680 1994 Homerum
703 1930 768 1995 duo
793 1932 1003 1996 inveniuntur
1031 1929 1183 2015 exempla
1206 1926 1306 2011 ληϊτις
1330 1931 1362 1991 K
1375 1913 1454 2011 460,
1472 1927 1616 2012 χερνῆτις

173 2032 216 2093 Μ
234 2031 307 2095 433.
363 2029 426 2095 Illa
457 2033 565 2112 etiam,
605 2054 690 2117 quae
732 2034 773 2098 ab
804 2035 875 2119 ipsa
910 2035 1022 2119 stirpe,
1056 2040 1088 2096 et
1117 2030 1346 2115 monosyllaba
1379 2039 1410 2095 et
1439 2032 1615 2117 bisyllaba,

173 2132 420 2210 derivabantur,
444 2133 633 2198 femininum
655 2155 703 2204 τις
725 2135 947 2217 assumebant,
969 2135 1062 2200 velut
1084 2133 1237 2214 προδότις
1257 2132 1332 2198 Hel.
1357 2134 1429 2214 834,
1453 2131 1616 2204 οἰνοπότις

174 2233 234 2299 Th.
257 2236 330 2316 393,
362 2230 563 2314 τριτοστότις
592 2236 693 2302 Arist.
717 2238 755 2303 fr.
778 2239 852 2319 487,
888 2233 1013 2321 ἐργάτις
1043 2239 1119 2302 Eur.
1142 2236 1192 2303 El.
1225 2235 1296 2317 100,
1330 2232 1423 2304 ἱκέτις
1445 2237 1519 2302 Hel.
1542 2237 1615 2321 894,

174 2333 339 2421 ἀρχηγέτις
373 2338 436 2422 Ly.
470 2339 543 2420 644,
577 2362 617 2404 ea
650 2351 758 2405 tamen
791 2341 993 2422 condicione,
1032 2348 1068 2405 ut
1096 2341 1187 2425 prior
1217 2337 1348 2422 syllaba
1378 2348 1464 2402 esset
1493 2336 1614 2403 brevis.

174 2439 384 2504 Homericum
402 2442 486 2505 enim
502 2440 582 2506 illud
598 2441 777 2525 δασπλῆτις
799 2465 817 2505 ο
841 2443 905 2508 234
934 2451 967 2507 et
989 2440 1267 2527 Aristophaneum
1291 2438 1373 2504 illud
1396 2437 1509 2509 πλᾶτις
1531 2440 1614 2505 Aeh.

175 2543 237 2608 132
268 2545 489 2608 contractione
520 2553 591 2609 orta
621 2569 692 2610 esse
723 2545 885 2613 videntur.
929 2547 982 2611 De
1011 2547 1125 2633 paucis
1155 2553 1265 2609 autem
1295 2545 1350 2624 eis,
1381 2566 1465 2631 quae
1488 2543 1530 2608 ab
1554 2543 1615 2608 hae

172 2645 288 2727 regula
310 2646 479 2728 recedunt,
502 2669 581 2712 mox
603 2647 706 2713 verba
729 2649 858 2715 faciam.

261 2746 360 2828 Quod
381 2771 625 2835 nonnumquam
647 2750 753 2814 forma
776 2751 954 2816 masculina
980 2757 1087 2816 exstat
1111 2771 1171 2834 pro
1195 2749 1359 2830 feminina,
1375 2749 1467 2814 velut
1482 2748 1535 2814 Al.
1555 2749 1614 2814 121

174 2847 357 2934 μηλοθότης
387 2845 516 2932 ἐσχάρα,
546 2853 667 2919 Aescb.
697 2853 752 2922 Su.
783 2855 855 2936 649,
885 2855 958 2937 822,
985 2853 1043 2919 ubi
1065 2852 1219 2918 mulieres
1241 2849 1340 2915 ἱκέται
1362 2852 1522 2933 dicuntur,
1552 2860 1616 2916 tra·

176 2951 313 3036 goediae
345 2957 498 3040 proprius
527 2977 605 3021 usus
637 2959 731 3040 est2),
763 2981 859 3045 quem
892 2957 1071 3043 Sophocles
1105 2965 1136 3020 et
1160 2955 1397 3040 Aristophanes
1428 2975 1521 3018 suum
1551 2975 1615 3018 non

173 3055 333 3137 fecerunt,
358 3079 433 3121 cum
455 3059 622 3123 nominum
644 3083 757 3143 genus,
780 3070 817 3125 ut
842 3082 944 3145 supra
961 3060 1108 3146 exposui,
1124 3059 1231 3123 acrius
1247 3058 1446 3142 distinguere
1463 3058 1614 3122 solerent.

174 3157 349 3222 Nominum
373 3161 405 3223 in
428 3181 493 3240 τωρ
516 3171 549 3225 et
570 3183 630 3246 τηρ
653 3173 764 3228 tamen
787 3163 844 3228 ille
868 3165 965 3227 etiam
988 3161 1126 3226 similem
1149 3183 1244 3225 usum
1267 3159 1470 3242 admittebat,
1493 3161 1615 3245 quippe

177 3282 261 3345 quae
286 3261 422 3326 elatiora
445 3271 478 3326 et
499 3265 603 3348 magis
627 3267 753 3350 tragica
778 3276 894 3332 essent.

282 3364 351 3428 Iam
368 3373 476 3429 autem
493 3367 671 3452 quaeritur,
690 3391 774 3454 quae
797 3370 839 3432 sit
855 3370 960 3432 forma
983 3368 1138 3431 feminina
1150 3367 1316 3430 nominum
1333 3387 1412 3429 vere
1428 3365 1614 3430 verbalium

175 3467 209 3530 in
223 3487 287 3551 της.
320 3467 413 3533 Haec
429 3469 562 3555 quidem
579 3470 732 3555 analogia
755 3472 882 3536 illorum
906 3474 939 3535 in
961 3492 1021 3556 τηρ
1044 3471 1133 3535 lacta
1154 3491 1225 3533 esse
1249 3491 1292 3532 ex
1314 3469 1385 3553 ipso
1409 3477 1548 3532 accentu
1571 3469 1615 3532 ab

177 3568 249 3634 aliis
272 3569 403 3636 diverso
427 3575 650 3657 cognovimus,
675 3575 721 3638 ita
743 3585 780 3639 ut
800 3575 991 3639 femininum
1016 3575 1122 3656 etiarn,
1153 3570 1241 3659 quod
1265 3568 1306 3634 ad
1329 3569 1387 3634 illa
1408 3571 1617 3655 respondeat,

177 3682 414 3758 exspectemus
460 3675 560 3761 Apud
583 3675 764 3741 Homerum
795 3676 928 3762 quidem
950 3697 1063 3741 eorum
1091 3676 1194 3740 forma
1220 3674 1373 3737 feminina
1393 3695 1528 3759 prorsus
1551 3693 1616 3736 non

175 3776 349 3842 invenitur.
410 3777 515 3842 Unius
553 3779 710 3865 cuiusque
749 3781 886 3844 nominis
923 3781 957 3843 in
994 3798 1049 3862 της
1084 3779 1223 3843 formam
1261 3774 1456 3861 parallelum
1493 3775 1526 3838 in
1557 3795 1617 3856 τηρ

176 3877 300 3961 fingere
324 3877 386 3944 sibi
410 3882 548 3965 sumpsit
572 3881 638 3964 ille,
662 3887 686 3946 a
704 3903 768 3968 quo
792 3883 983 3946 femininum
1004 3901 1094 3961 τειρα
1117 3880 1293 3944 derivaret.
1328 3877 1407 3941 Post
1423 3878 1491 3940 eius
1507 3883 1617 3940 autem

178 3988 320 4045 aetatem
342 3980 447 4046 forma
469 4005 553 4068 quae
576 3993 626 4048 est
647 4005 722 4067 τρια
744 3986 777 4049 in
801 4006 895 4049 usum
917 3986 1017 4051 venit.
1055 3981 1243 4068 Tragoedia
1265 3991 1385 4060 autem,
1409 4000 1494 4064 quae
1517 3977 1617 4042 talem

178 4084 316 4146 nominis
333 4087 571 4170 correptionem
588 4089 719 4152 omnino
735 4111 799 4153 uon
815 4088 959 4169 amabat,
982 4089 1023 4154 cf.
1046 4088 1169 4150 formes
1185 4089 1333 4164 πατέρος,
1355 4083 1539 4161 θυγατέρος,
1563 4079 1618 4162 al.,

177 4184 261 4250 hauc
279 4186 373 4252 etiam
391 4189 528 4253 formam
547 4201 732 4276 correptam
749 4213 766 4254 e
789 4209 888 4273 τειρα,
909 4209 1000 4271 τερια
1014 4209 1089 4253 raro
1105 4185 1296 4272 usurpabat,
1319 4206 1393 4249 cum
1416 4190 1472 4248 aut
1494 4202 1618 4246 maseu-

177 4286 245 4353 lina
267 4288 372 4355 forma
393 4303 448 4356 aut
471 4292 625 4359 feminina
649 4313 738 4373 τειρα
760 4295 807 4358 uti
830 4302 953 4380 posset.
1007 4292 1118 4356 Pauca
1141 4298 1269 4354 tantum
1295 4295 1425 4352 exstant
1448 4283 1619 4372 exemplag

177 4386 380 4477 ἵηλεμίστρια
403 4393 461 4459 Oh.
484 4395 557 4477 423,
579 4394 794 4479 φαιδρύντρια
816 4395 876 4464 ch.
901 4394 973 4477 755,
996 4384 1146 4475 ἀγύρτρια
1168 4393 1231 4476 Ag.
1258 4391 1357 4472 12723
1379 4390 1469 4475 apud
1491 4387 1618 4472 Sopho·

179 4495 265 4561 elem
285 4494 456 4578 μαιεότρια
478 4499 516 4565 fr.
536 4497 588 4577 95,
610 4495 792 4583 θηλάστρια
814 4499 854 4566 fr.
871 4500 923 4580 94,
947 4497 1036 4584 quod
1058 4495 1246 4580 Hesychius
1262 4493 1411 4558 Ionicum
1432 4513 1504 4556 esse
1527 4488 1617 4570 dicit,

284 4733 306 4806 ¹)
325 4734 370 4794 cf.
388 4735 523 4789 Kuehner
542 4735 560 4790 l.
581 4735 599 4791 l.
619 4734 633 4788 l
651 4736 676 4806 2,
693 4736 761 4804 27ος
779 4735 945 4806 Brugmann
964 4731 1088 4788 Grundr.
1107 4731 1135 4785 ll
1156 4733 1179 4800 1,
1202 4731 1262 4787 354.

283 4819 305 4892 ¹)
324 4819 367 4876 Oi.
386 4838 501 4894 eaquae
511 4822 540 4875 in
559 4821 650 4892 primo
670 4821 764 4892 eapite
784 4825 812 4876 et
833 4839 860 4892 p.
871 4839 899 4892 p.
909 4821 943 4876 76
954 4823 982 4874 et
991 4820 1025 4876 'l'l
1044 4818 1216 4890 disceptari,
1237 4815 1432 4954 Wilamowitp5
1437 4811 1474 4867 ad
1484 4809 1531 4869 Hi.
1542 4810 1618 4870 1103·
