3796 5518
831 419 1039 484 425-

315 608 453 673 Praeter
487 605 676 692 alloquendi
709 605 875 688 formulas,
906 603 1094 692 quaesunt
1124 595 1149 668 ὦ
1177 607 1316 671 τεκοῦσα
1343 609 1445 690 μᾶτερ
1475 609 1531 673 IA.
1558 609 1650 690 1338,

207 711 266 777 Ph.
298 713 389 793 1270,
417 708 522 790 μᾶτερ
550 706 686 771 τεκοῦσα
718 709 770 776 El.
805 710 897 789 1185,
931 709 1051 774 01111110
1073 712 1260 775 accusativo
1291 711 1349 776 Ph.
1378 713 1441 776 298
1471 700 1652 773 ὦτεκοῦσα

208 812 302 878 τόνδε
324 812 436 894 μᾶτερ,
460 809 515 877 Or.
541 812 602 877 195
624 799 649 872 oi
672 815 823 890 τεκομένα
842 831 883 891 με
903 812 1015 893 μᾶτερ,
1039 814 1089 877 bis
1111 813 1250 898 legimus
1272 804 1297 874 ὦ
1320 813 1430 897 μῆτερ,
1460 798 1650 895 ὦτεκοῦσα,

209 917 290 982 Ηο0.
321 917 395 997 414,
428 915 483 981 Tr.
513 915 586 993 634,
624 937 687 997 quo
719 913 824 978 altero
855 915 928 978 loco
959 915 1192 980 Andromacha
1224 938 1353 980 socrum
1388 939 1480 981 suam
1502 915 1650 1000 appellat

209 1020 321 1085 verbis
345 1041 429 1105 quae
453 1027 527 1082 sunt
640 1101 643 1105 Ι

518 1109 542 1180 d
564 1108 889 1202 transadversam,
912 1115 1079 1182 κάλλιστον
1100 1117 1193 1199 λόγον

515 1219 662 1302 ἄκουσον,
687 1216 730 1291 ὥς
751 1238 802 1283 σοι
824 1226 941 1304 τέρψιν
963 1217 1091 1303 ἐμβάλω
1114 1228 1218 1304 φρενί.

215 1325 313 1393 Hunc
344 1336 451 1391 autem
481 1347 612 1390 versum
641 1347 660 1388 a
693 1323 871 1388 Matthiaeo
900 1327 1126 1410 impugnatum
1159 1349 1229 1391 esse
1259 1328 1428 1390 annotavit
1450 1325 1652 1406 Dindorfius,

211 1429 299 1516 quod
323 1429 461 1494 Hecuba
482 1451 546 1493 non
570 1429 642 1515 ipsa
664 1435 770 1490 mater
786 1425 1038 1490 Andromachae
1063 1438 1157 1493 esset.
1196 1426 1387 1494 Dindorfins
1410 1428 1493 1504 hanc
1518 1429 1651 1515 quidem

213 1532 442 1598 difficultatem
466 1531 537 1596 tolli
559 1552 655 1616 posse
680 1528 820 1593 credidit
841 1529 1037 1614 intellegens
1059 1541 1195 1595 matrem
1218 1531 1409 1615 Polyxenae
1432 1531 1563 1611 (sic!)¹),
1593 1531 1652 1594 sed

213 1657 286 1699 cum
312 1646 485 1720 praeterea
510 1634 691 1698 offenderet
713 1633 746 1694 in
776 1632 914 1696 vocibus
939 1654 1023 1718 quae
1051 1644 1125 1698 sunt
1147 1639 1258 1717 τέρψις
1282 1644 1313 1697 01
1335 1629 1499 1703 κάλλιστος
1520 1641 1555 1695 111
1577 1653 1649 1696 cum

213 1738 391 1802 verborum
415 1759 541 1801 conexu
555 1757 690 1820 prorsus
702 1757 766 1798 non
780 1735 1044 1819 congruentibus,
1056 1737 1205 1800 lacunam
1219 1737 1317 1800 1111000
1341 1738 1524 1822 suspicatus
1538 1748 1597 1816 est,
1619 1736 1651 1798 in

210 1863 309 1926 quam
340 1839 421 1904 duos
455 1839 515 1902 hos
545 1860 660 1901 versus
690 1840 830 1901 insertos
863 1859 932 1901 esse
966 1839 1141 1904 contendit.
1194 1839 1289 1903 Hanc
1320 1850 1429 1903 autem
1460 1839 1651 1903 sententiam

211 1944 438 2028 probaverunt
461 1939 675 2024 Wecklinius‚
699 1939 764 2004 alii.
810 1940 903 2020 Quae
934 1951 1043 2004 autem
1066 1949 1137 2004 erat
1159 1943 1353 2020 gravissima
1374 1942 1497 2005 offensa
1519 1938 1651 2003 illorum

210 2047 357 2110 virorum
392 2044 571 2108 secundum
609 2064 647 2104 ea
684 2064 769 2127 quae
806 2045 944 2126 exposui
978 2046 1008 2106 in
1049 2066 1083 2107 sc
1115 2045 1265 2109 concidit.
1311 2043 1489 2109 Recordati
1511 2041 1651 2106 liberum

212 2146 379 2233 Euripidis
409 2169 514 2226 usum,
545 2165 642 2230 quem
671 2166 733 2231 per
763 2153 864 2208 totam
898 2145 1005 2210 adhuc
1029 2145 1292 2211 dissertationem
1317 2145 1453 2227 ostendi,
1477 2144 1652 2225 recordati,

213 2273 311 2335 quam
348 2250 447 2336 plane
484 2270 545 2333 pro
580 2247 784 2311 substantivo
818 2250 865 2310 uti
900 2247 1014 2312 solitus
1049 2251 1090 2311 sit
1118 2247 1174 2312 ille
1206 2270 1243 2313 00
1274 2249 1364 2334 quod
1387 2258 1436 2312 est
1461 2242 1651 2330 [ἦμεκοῠσά

212 2353 275 2416 1100
293 2371 423 2437 quoquc
440 2351 512 2415 loco
529 2350 683 2414 blandam
700 2351 930 2436 appellationis
945 2351 1121 2415 formulam
1137 2354 1335 2436 accipiemus
1352 2339 1495 2414 verbani
1517 2347 1653 2411 τεκοῦσα

213 2455 329 2520 eodem
371 2453 468 2518 modo
504 2453 601 2530 dicta,
648 2473 712 2536 quo
756 2448 859 2536 μήτηρ
889 2456 1040 2538 usurpari
1071 2452 1163 2534 solet,
1199 2455 1393 2540 praesertim
1422 2455 1507 2516 inter
1540 2452 1652 2515 affines

210 2567 280 2621 tam
319 2563 389 2620 arte
428 2557 626 2620 coniunctas.
685 2554 881 2640 Comparari
915 2554 1055 2640 denique
1091 2559 1213 2642 optime
1247 2565 1356 2641 potest
1385 2553 1526 2619 formula
1555 2554 1612 2617 illa
1633 2576 1653 2616 a

211 2670 315 2725 matre
346 2658 434 2723 diota
460 2650 485 2720 ὦ
514 2664 625 2720 τέκνον
647 2647 671 2719 ὦ
693 2664 759 2720 παῑ
784 2657 883 2742 Sopb.
913 2659 968 2722 Tr.
992 2659 1044 2738 61,
1074 2647 1187 2720 duat
1206 2648 1230 2718 d
1252 2661 1362 2720 τέκνον
1396 2657 1455 2723 Oh.
1479 2658 1552 2738 895,
1588 2677 1653 2742 qua

212 2773 323 2826 tamen
337 2760 450 2826 eadem
468 2761 585 2825 chorus
600 2763 703 2826 utitur
719 2759 779 2826 ch.
793 2761 866 2826 264.
897 2759 1036 2825 Accedit
1061 2761 1147 2846 quod
1164 2748 1602 2841 Αο1110100011οὦφίληπαῐ
1622 2772 1654 2822 et

214 2871 277 2926 παῖ
307 2887 326 2927 a
363 2886 459 2928 socru
499 2871 644 2945 vocatur,
677 2863 732 2928 Tr.
765 2864 848 2928 1016
883 2863 1011 2927 Helena
1039 2862 1081 2927 ab
1112 2864 1253 2928 Hecuba
1281 2856 1426 2946 θυγάτηρ
1456 2862 1653 2948 appellatur,

213 2966 286 3032 HF.
321 2966 385 3032 545
417 2966 554 3049 Megara
588 2988 736 3030 socerum
768 2971 892 3043 πατέρα
923 2966 1011 3039 dicit,
1040 2988 1190 3052 quaeque
1222 2966 1286 3030 alia
1310 2975 1383 3030 sunt
1407 2965 1502 3029 huius
1524 2967 1653 3048 generis

216 3069 377 3155 exempla.
431 3070 572 3133 Versum
604 3071 704 3152 igitur
734 3091 831 3154 quem
861 3078 1041 3132 tractamus
1071 3069 1239 3154 Euripidis
1268 3070 1435 3152 ingenium
1473 3077 1538 3131 tam
1568 3067 1652 3130 bene

216 3195 297 3256 prae
336 3195 370 3235 sc
400 3173 487 3236 ferre
524 3170 684 3253 videmus,
713 3180 751 3235 ut
779 3194 874 3236 nemo
906 3194 979 3236 eum
1001 3172 1179 3235 imitatione
1204 3169 1337 3235 efficere
1360 3172 1514 3255 potuerit.
1559 3167 1653 3250 Quae

218 3273 357 3361 denique
388 3286 499 3339 cetera
523 3285 675 3359 suspecta
699 3283 792 3338 erant
814 3273 999 3355 Dindorfio,
1030 3277 1107 3337 satis
1137 3272 1247 3336 valida
1274 3295 1337 3336 non
1362 3282 1435 3337 sunt
1457 3271 1500 3337 ad
1522 3293 1653 3336 versum

214 3376 452 3460 damnandum
484 3379 665 3463 comparari
697 3386 833 3461 possunt
863 3377 1013 3441 versibus
1042 3375 1122 3440 Her.
1152 3376 1253 3456 66213
1280 3373 1384 3439 verba
1408 3373 1589 3440 Alcmenae
1612 3371 1653 3435 de

215 3487 334 3567 nepote
369 3468 535 3565 querentis
565 3476 632 3542 ποῦ
660 3476 716 3540 νῦν
746 3474 878 3561 ἄπεστι,
908 3482 956 3547 τίς
983 3500 1034 3541 νιν
1061 3470 1143 3561 εἶργε
1174 3471 1326 3559 συμφορὰ
1354 3470 1412 3539 σὺν
1442 3476 1493 3539 001
1516 3479 1655 3556 μανέντα

211 3575 302 3662 δεῦρ’
325 3577 404 3665 ἐμὴν
426 3586 544 3664 τέρψαι
565 3587 676 3663 φρένα.

304 3692 305 3698 ’
326 3685 417 3749 Ηο00
441 3685 580 3750 dicenda
603 3683 702 3748 habui
719 3684 759 3747 de
783 3682 931 3748 sollemni
953 3684 1150 3766 tragicorum
1169 3684 1298 3746 nomine
1314 3683 1402 3767 quod
1416 3690 1464 3746 est
1480 3673 1498 3762 ἡ
1512 3678 1654 3743 τεκοῦσα,

216 3786 318 3851 Aliud
339 3798 458 3870 autem,
483 3810 549 3872 quo
572 3787 676 3850 maior
699 3789 846 3871 quaestio
869 3795 1030 3867 movetur,
1052 3785 1113 3849 hoc
1136 3798 1195 3852 001.
1225 3785 1346 3849 Aescb,
1363 3783 1422 3850 Ch.
1438 3784 1502 3849 418
1516 3783 1655 3867 legimus

214 3887 319 3971 τάπερ
359 3886 515 3969 πάθομεν
549 3884 633 3971 πρός
666 3908 703 3966 γε
730 3886 794 3951 τῶν
821 3893 1001 3968 τεκομένων
1030 3887 1070 3951 de
1100 3885 1170 3951 sola
1198 3898 1302 3950 matre
1333 3887 1466 3951 dictum.
1510 3885 1565 3949 Ab
1592 3884 1654 3949 hoc

213 4003 325 4058 autem
356 3993 430 4058 loco
458 3992 679 4079 proficiscenti
702 3992 802 4056 liceat
823 3992 901 4055 mibi
923 3992 1073 4076 proferre
1096 3989 1269 4056 nonnullas
1292 3989 1550 4068 observationes,
1573 4010 1655 4072 quas

216 4095 257 4160 dc
280 4095 404 4180 plurali
425 4119 486 4182 pro
510 4096 666 4180 singulari
690 4116 824 4158 numero
849 4117 869 4159 a
891 4097 1024 4178 tragicis
1045 4096 1151 4180 posito
1175 4092 1303 4176 collegi.
1348 4093 1546 4154 Praeterea
1570 4111 1655 4176 quae

213 4199 421 4282 grammatici
443 4201 544 4262 nostri
567 4196 727 4284 praebent
737 4198 771 4278 ²),
794 4199 923 4284 inspexi
948 4197 1030 4261 duos
1052 4197 1256 4281 potissimum
1279 4195 1391 4275 libros,
1415 4215 1496 4280 quos
1514 4191 1654 4274 Volpius

217 4310 249 4364 et
271 4299 511 4365 Kummererus
520 4303 545 4379 ³)
577 4303 851 4386 conscripserunt,
880 4321 1018 4385 quorum
1040 4311 1149 4362 tamen
1172 4297 1331 4362 librorum
1355 4297 1489 4360 alterius
1511 4298 1654 4381 priorem

320 4417 343 4491 ¹)
361 4417 512 4471 Donnerus
531 4418 617 4472 vertit
638 4417 699 4486 „dic
719 4417 773 4470 den
791 4417 905 4486 tapfern
924 4419 977 4470 mir
995 4415 1110 4488 gebar“.

324 4504 529 4577 ²)B1ugmann
548 4502 598 4560 Gr.
617 4503 740 4558 Gramm.
761 4507 771 4538 ³
789 4521 817 4572 p.
834 4504 898 4571 369,
923 4502 1059 4556 Kuehner
1078 4502 1096 4556 l.
1115 4500 1133 4556 l.
1153 4499 1180 4553 Il
1201 4501 1225 4568 1,
1243 4501 1292 4569 82,
1319 4499 1450 4571 Krueger
1470 4498 1520 4554 Gr.
1539 4497 1654 4567 sprach-

215 4589 292 4660 lehre
313 4595 323 4626 ⁵
342 4599 446 4663 syntax
463 4607 491 4661 p.
512 4592 558 4658 123
578 4591 614 4650 01,
634 4608 745 4662 quoque
764 4591 823 4644 Leo
842 4591 966 4645 Senecae
985 4596 1057 4661 trag.
1076 4590 1089 4642 I
1108 4591 1168 4648 150.

323 4679 344 4750 ⁸)
375 4677 450 4748 Volp
487 4679 530 4731 De
567 4694 619 4731 usu
655 4679 767 4749 numeri
794 4677 913 4748 pluralis
944 4676 1105 4747 Aeschyleo
1136 4680 1164 4729 et
1192 4674 1358 4745 SophocloO,
1390 4673 1536 4742 Marpurgi
1568 4671 1653 4732 1888;

216 4765 382 4820 1100000101·
412 4764 505 4820 Ueber
533 4764 587 4817 den
615 4763 759 4834 gebrauch
788 4764 836 4818 des
864 4765 972 4835 plurals
1003 4764 1066 4818 11101·
1095 4763 1150 4816 1100
1181 4762 1307 4832 singular
1334 4759 1380 4814 bei
1408 4759 1565 4830 Sophokles
1596 4757 1655 4810 und

178 4846 182 4852 ’
215 4854 375 4924 Euripides,
393 4852 567 4924 Klagenfurt
585 4853 662 4921 1869,
681 4852 757 4908 1870.
