3796 5518
821 435 1027 501 -35-

205 627 347 708 uomina,
371 645 456 710 quae
479 645 540 710 pro
562 631 658 709 patre
689 625 721 687 in
744 645 805 688 usu
829 629 932 704 erant,
954 643 1054 709 supra
1078 625 1341 707 commemoravi,
1365 644 1439 689 eum
1463 621 1504 686 de
1526 622 1649 710 plurali

204 727 333 811 tragico
356 725 459 791 verba
481 726 635 791 facerem.

315 829 362 894 Ut
383 823 526 912 ἀδελφοί,
547 826 644 908 γόνοι,
668 827 733 894 alia
754 829 885 892 nomina
907 829 1079 914 utriusque
1101 829 1232 914 generis
1255 829 1420 894 coniuncti
1436 835 1649 923 usurpantur,

205 934 254 996 ita
277 942 353 997 sunt
376 941 530 1019 parentes
554 927 587 994 ol
606 927 755 1000 τικόντες
777 927 847 997 OT.
870 930 944 1013 999,
967 928 1035 997 00.
1058 930 1132 1013 508,
1156 930 1216 998 Oh.
1239 932 1319 1013 6773
1341 931 1430 1018 apud
1454 929 1650 1018 Sophoclem

206 1037 249 1102 fr.
288 1035 326 1100 l’r.
364 1034 428 1100 524
465 1043 498 1100 et
533 1035 597 1100 850
634 1031 668 1096 οῖ
695 1028 865 1115 φύσαντες,
903 1032 991 1118 quod
1029 1032 1116 1098 idem
1156 1032 1243 1118 apud
1280 1031 1472 1120 Euripidem
1509 1031 1549 1100 fr.
1585 1031 1650 1099 852

204 1147 242 1202 et
265 1137 324 1204 Ph.
348 1138 390 1203 34

573 1236 696 1317 ἔστειχε
724 1235 797 1309 τοὺς
824 1235 985 1322 φύσαντας
1007 1233 1164 1319 ἐκμαθεῖν
1185 1239 1292 1302 θέλων

212 1342 371 1408 traditum
409 1351 458 1407 est
494 1350 528 1406 et
563 1343 778 1424 retinendum,
817 1344 876 1407 etsi
907 1363 968 1429 pro
1003 1341 1068 1406 hoe
1105 1341 1210 1406 altero
1245 1339 1365 1406 Strabo
1397 1340 1446 1422 16,
1485 1340 1547 1404 762
1575 1332 1652 1407 τοὺς

208 1441 360 1515 τεκόντας
389 1446 545 1528 servavit,
570 1445 658 1531 quod
688 1442 929 1510 Valkeuaerius
960 1444 1128 1529 praetulit,
1160 1451 1232 1508 cu'm
1263 1440 1455 1530 Euripidem
1485 1441 1579 1523 φύειν
1608 1441 1650 1505 de

209 1557 315 1612 matre
344 1569 409 1612 non
439 1546 562 1613 dixisse
593 1550 813 1614 contenderet.
859 1548 962 1613 Recte
993 1548 1126 1634 quidem
1148 1547 1211 1612 hoc
1243 1547 1325 1612 dixit
1359 1546 1415 1612 ille
1451 1548 1504 1611 vir
1526 1545 1651 1627 doctus,

213 1660 245 1713 et
267 1647 363 1714 huius
385 1673 464 1715 usus
487 1653 725 1739 circumscripti
749 1650 902 1737 exempla
924 1649 1181 1716 luculentissima
1202 1660 1343 1732 exstant,
1375 1648 1469 1713 velut
1501 1647 1555 1712 Al.
1588 1646 1652 1711 290

207 1754 312 1814 καίτοι
334 1742 363 1814 o'
387 1747 528 1834 όφόσας
549 1745 591 1836 χή
618 1754 758 1818 τεκοῦσα
786 1747 983 1834 προῦδοσαν,
1015 1751 1072 1820 Or.
1094 1752 1158 1819 559
1180 1749 1288 1837 πατὴρ
1310 1751 1371 1832 μέν
1400 1745 1578 1832 ἐφύτευσέν
1601 1769 1652 1830 με,

210 1849 254 1936 σὴ
275 1845 409 1917 δ’ἔτικτε
435 1861 523 1934 παῖς,
558 1857 605 1924 Ιο.
636 1858 709 1938 313,
743 1857 795 1923 Ai.
821 1855 895 1939 516,
926 1856 981 1924 Tr.
1005 1857 1079 1939 311,
1108 1877 1216 1942 neque
1246 1855 1412 1921 Personus
1435 1876 1510 1918 eum
1531 1851 1653 1917 refellit

213 1955 323 2020 allatis
353 1955 395 2020 ad
426 1957 447 2024 l.
470 1957 549 2024 Eur.
580 1960 621 2027 fr.
644 1961 708 2026 403
730 1962 776 2031 τίς
797 1947 859 2040 ἆρα
872 1954 984 2042 μήτηρ
1007 1950 1028 2040 ἢ
1050 1950 1157 2042 πατὴρ
1178 1949 1278 2020 κακόν
1299 1962 1380 2038 μέγα
1398 1959 1527 2038 βροτοῖς
1548 1950 1654 2038 ἔφυσε

211 2053 271 2120 τὸν
292 2056 484 2139 δυσώνυμον
507 2057 636 2142 φθόνον
657 2070 689 2126 et
709 2083 809 2127 versu
832 2061 895 2128 Mc.
922 2062 1005 2127 1240
1022 2061 1076 2147 sq.
1101 2055 1174 2123 ἐπεὶ
1198 2059 1235 2123 δὲ
1256 2059 1328 2143 χρή,
1351 2053 1443 2144 ἡμεῖς
1471 2056 1651 2137 κτενοῦμεν,

210 2158 311 2242 οἵπερ
340 2156 551 2243 ἕξεφόσαμεν,
588 2187 661 2230 cum
689 2167 799 2251 priore
830 2165 902 2229 loco
934 2164 1112 2228 verborum
1142 2161 1370 2242 collocatione,
1400 2163 1502 2227 altero
1532 2159 1653 2247 plurali

215 2264 272 2329 illo
311 2266 389 2330 satis
427 2267 587 2353 probetur
622 2268 772 2350 regulam
806 2266 896 2331 illam
930 2267 1053 2331 laesam
1086 2288 1151 2331 non
1184 2287 1264 2332 esse.
1318 2264 1509 2330 Sermonem
1543 2271 1653 2327 autem

213 2364 430 2453 Euripideum
467 2390 583 2455 parum
619 2369 894 2454 intellegeremus,
927 2370 955 2432 si
984 2368 1026 2433 ab
1057 2389 1096 2434 eo
1126 2389 1245 2433 nomen
1276 2365 1306 2430 oi
1335 2365 1494 2447 φύσαντες
1526 2365 1653 2431 abiudi-

210 2489 374 2550 caremus,
403 2470 562 2555 neglectis
595 2473 641 2538 eis
671 2471 843 2560 exemplis,
877 2493 962 2557 quae
992 2471 1097 2552 attuli,
1126 2471 1220 2535 velut
1250 2464 1351 2549 γόνοι,
1374 2470 1426 2552 al,
1456 2469 1652 2554 pracsertim

210 2593 290 2636 cum
313 2571 354 2636 fr.
377 2570 729 2658 8531οροιυοοθεοός
751 2595 787 2637 τε
809 2571 908 2653 τιμᾶν
929 2570 1001 2644 τοός
1023 2592 1059 2636 τε
1080 2568 1241 2655 φύσαντας
1262 2571 1361 2657 γονῆς.

322 2673 425 2738 Aliud
460 2697 520 2762 pro
557 2676 748 2761 parentibus
786 2697 914 2760 nomen,
953 2675 1041 2762 quod
1073 2676 1161 2741 idem
1195 2676 1284 2761 apud
1321 2675 1503 2740 Homerum
1535 2675 1656 2759 legitur
1722 2711 1725 2718 .

214 2777 252 2855 (a
277 2777 347 2860 170,
374 2776 405 2839 Ω
429 2777 503 2861 387,
524 2779 593 2862 al),
622 2790 671 2845 est
700 2786 813 2849 τοκοῖς.
858 2779 923 2843 Hic
953 2777 1091 2864 pluralis
1120 2778 1177 2845 ubi
1206 2799 1267 2863 pro
1290 2778 1445 2861 singulari
1466 2777 1593 2864 positus
1615 2776 1657 2842 sit

212 2900 319 2964 supra
348 2880 589 2965 demonstravi3
618 2885 725 2971 ipsum
754 2872 964 2968 singularem
982 2882 1122 2966 legimus
1151 2882 1202 2947 bis
1232 2882 1265 2945 in
1293 2882 1483 2965 tragoediae
1507 2901 1655 2945 sermone

211 2981 311 3050 elato.
363 2983 513 3050 115662
547 2986 626 3051 dicit
659 2985 782 3073 Apollo
813 2979 870 3048 oria
900 2981 969 3048 ἔστι
1000 2983 1106 3069 μήτηρ
1131 2979 1150 3068 ἣ
1171 2983 1364 3068 κεκλημένου
1396 2989 1510 3047 τέκνου
1532 2979 1657 3052 τοκεόςῐ

213 3085 301 3150 alter
324 3086 426 3169 locus,
451 3093 516 3172 quo
540 3086 581 3151 ad
601 3099 730 3176 patrem
752 3089 893 3156 relatum
918 3099 966 3154 est
989 3088 1051 3154 hoc
1073 3111 1202 3168 nomen,
1218 3089 1383 3153 invenitur
1398 3088 1477 3154 Eur.
1493 3088 1557 3154 An.
1574 3088 1655 3153 1037

215 3210 299 3273 sqq,
330 3187 386 3254 ubi
415 3190 520 3254 verba
550 3190 649 3272 chori,
680 3194 735 3278 qui
765 3214 819 3257 res
843 3191 999 3257 adversas
1023 3191 1238 3257 Troianorum
1261 3199 1434 3275 captarum
1459 3191 1491 3254 in
1516 3188 1658 3255 Graecia

214 3289 404 3372 degentium
428 3293 613 3376 miseratur,
632 3293 717 3360 haec
741 3306 816 3360 sunt
838 3296 960 3381 partim
981 3292 1103 3358 tradita
1122 3294 1241 3381 partim
1265 3301 1428 3358 correcta:

525 3394 644 3458 πολλοὶ
665 3390 696 3458 δ’
721 3390 773 3458 αἴν’
796 3388 957 3460 Ἑλλάνων
978 3387 1115 3476 ἀγόρους
1139 3391 1293 3473 στοναχάς

523 3497 684 3577 μέλποντο
707 3494 873 3562 δυστάνων
894 3502 1013 3562 τοκέων
1034 3493 1155 3575 ἄλοχοι.

521 3595 560 3662 ιέκ
582 3591 611 3662 δ’
633 3597 763 3664 ἔλειπον
785 3599 889 3671 οἴκους

525 3697 612 3787 πρός
634 3697 730 3766 ἄλλον
751 3695 914 3785 εόνάτορα.

215 3800 293 3882 Quo
308 3804 524 3870 autemmodo
536 3805 682 3872 hocloco
693 3811 812 3870 τοκέων
824 3803 1080 3889 intellegendum
1093 3806 1143 3887 sit,
1154 3804 1540 3890 paucisdemoustrareiu
1552 3805 1659 3869 auimo

216 3905 335 3972 habeo.
382 3905 504 3972 Omnes
533 3910 628 3991 enim,
660 3921 816 3994 quantum
846 3910 924 3989 scio,
956 3906 1162 3973 offenderunt
1183 3909 1216 3971 in
1238 3905 1349 3972 verbis
1373 3909 1553 3972 coniunctis
1576 3927 1661 3993 quae

221 4017 296 4073 suut
329 4005 484 4086 στοναχὰς
519 4010 681 4090 μέλποντο
714 4006 881 4074 δυστόνων
908 4015 1029 4072 τοκέων
1056 4003 1166 4086 ἄλοχοι
1195 4017 1227 4074 et
1257 4033 1296 4076 ea
1323 4017 1534 4074 mutaverunt
1560 4010 1663 4074 secuti

220 4111 396 4178 lectionem
425 4115 562 4197 variam,
591 4137 688 4200 quam
711 4116 872 4201 praebere
895 4114 1028 4178 videtur
1056 4112 1240 4180 scholiasta.
1284 4111 1364 4177 Eius
1388 4112 1473 4176 cuim
1496 4110 1662 4176 adnotatio

219 4214 303 4279 haec
340 4223 403 4280 est:
440 4211 604 4280 δυστόνων
636 4221 762 4280 τοκέων·
807 4220 935 4299 τοκέων,
968 4205 1103 4296 ἀνδρῶν,
1137 4215 1294 4296 νυμφίων,
1324 4213 1388 4278 τόν
1416 4208 1479 4298 ἤδη
1515 4217 1664 4294 ποτέρων

218 4322 400 4398 γενομένων
429 4314 519 4402 παρὰ
539 4327 607 4391 ταῖς
628 4318 721 4390 ἰδίαις
741 4322 888 4400 γυναιξίν.
933 4313 991 4382 ἐὰν
1013 4320 1051 4381 δέ
1071 4309 1092 4404 ᾖ
1115 4315 1135 4403 ἦ
1159 4309 1264 4402 γραφὴ
1285 4322 1414 4400 τοκέων,
1435 4315 1542 4379 λείπει
1564 4318 1663 4402 (quae

223 4430 393 4507 postrema
423 4421 489 4488 duo
518 4423 622 4488 verba
653 4424 859 4488 coniecturae
890 4421 1066 4501 debentur)
1095 4417 1133 4484 τὸ
1163 4417 1279 4484 ἕνεκεν·
1324 4414 1434 4498 ἄλοχοι
1456 4417 1492 4482 δὲ
1514 4411 1587 4480 ἀντὶ
1607 4417 1664 4482 τοῦ

219 4529 364 4601 γυναῖκες
386 4517 504 4593 ἁπλῶς.
548 4524 648 4590 Novit
670 4525 769 4610 igitur
793 4532 1031 4590 commentator
1057 4524 1232 4589 lectionem
1255 4524 1380 4589 variam
1403 4526 1535 4604 τεκέων;
1566 4541 1664 4607 quam

221 4632 334 4690 autem
356 4626 483 4710 profert
505 4629 807 4714 interpretationem
839 4630 1034 4714 precariam,
1064 4629 1204 4692 casatis
1233 4648 1396 4714 superque
1421 4625 1665 4691 demonstratur

222 4725 314 4792 illam
337 4727 443 4812 alteri,
466 4751 550 4815 quae
573 4729 693 4796 tradita
716 4743 794 4814 erat,
817 4732 1039 4816 praepositam
1054 4752 1119 4795 nou
1143 4752 1223 4797 esse.
1268 4728 1371 4795 Recte
1396 4730 1480 4792 enirn
1502 4725 1665 4790 intellexit

223 4830 275 4894 vir
307 4829 364 4894 ille
394 4835 560 4898 notionem
589 4835 710 4914 uxoris,
740 4855 824 4919 quae
855 4836 958 4899 estin
981 4833 1110 4898 nornine
1133 4827 1254 4910 ἄλοχος,
1280 4834 1433 4916 coniungi
1455 4849 1662 4914 nequaquam

1454 4931 1488 4984 3*
