3796 5518
764 1468 925 1544 CAPVT
955 1470 1191 1546 TERTIVM.

379 1826 453 1890 Hoc
484 1827 591 1911 capite
616 1826 712 1889 tertio
737 1825 1043 1892 eosdemnumeros
1068 1829 1264 1914 easdemque
1288 1832 1431 1896 rationes
1454 1843 1594 1913 secutus,
1624 1855 1709 1919 quae

271 1951 311 1992 eo
344 1928 432 2013 quod
460 1925 639 2012 praecedit,
669 1929 819 1992 tractabo
843 1951 882 1992 ea
904 1931 1044 2010 nomina,
1074 1952 1159 2015 quae
1181 1931 1335 1995 dicuntur
1356 1936 1480 2016 agentis
1506 1935 1557 1999 vel
1580 1938 1712 2001 actoris.
1743 1944 1748 1954 ‘

268 2030 315 2094 Ut
339 2038 446 2095 autem
470 2029 599 2114 plenior
623 2033 852 2094 commentatio
883 2029 940 2095 fiat
966 2043 1225 2118 conspectusque
1252 2033 1348 2098 detur
1375 2038 1517 2100 omnium
1543 2038 1709 2102 nominum

269 2133 416 2197 eiusdem
445 2134 690 2214 terminationis,
719 2156 795 2215 non,
824 2143 860 2197 ut
884 2147 989 2215 antea,
1021 2136 1241 2199 continebitur
1264 2134 1441 2223 disputatio
1465 2140 1521 2212 eis,
1553 2161 1637 2223 quae
1666 2140 1709 2204 ab

267 2238 339 2321 ipso
370 2235 474 2300 verbo
505 2234 654 2299 derivata
685 2246 768 2301 sunt.
814 2235 984 2300 Permulta
1013 2250 1122 2303 tamen
1152 2237 1209 2302 illa
1239 2243 1371 2303 nomina
1400 2242 1526 2322 agentis
1548 2243 1581 2304 in
1605 2261 1648 2322 ος,
1672 2255 1709 2306 ut

269 2336 480 2418 scopaeque
502 2347 538 2401 ut
568 2331 706 2419 ἡγεμών,
736 2359 763 2407 ις
785 2350 822 2400 ut
843 2334 966 2420 μάντις,
992 2341 1183 2405 omittantur
1205 2362 1338 2405 necesse
1362 2343 1433 2423 erit,
1457 2341 1545 2427 quod
1568 2345 1709 2428 spatium

270 2442 366 2504 nimis
399 2450 572 2524 angustum
609 2440 758 2503 relictum
783 2451 839 2504 est.
900 2441 949 2504 Ea
978 2451 1109 2524 tantum,
1140 2465 1225 2528 qnae
1254 2445 1286 2506 in
1315 2465 1380 2523 τωρ
1409 2465 1467 2526 τηρ
1495 2464 1552 2528 της
1579 2458 1698 2510 exeunt
1802 2443 1805 2448 “

267 2542 428 2623 tractabo,
458 2541 617 2625 neglectis
640 2544 686 2606 eis
707 2544 815 2622 etiam,
845 2566 929 2628 qnae
952 2547 1230 2630 propinquitatem
1257 2547 1450 2632 significant,
1479 2547 1572 2612 velut
1592 2496 1708 2633 aaran:

265 2641 378 2728 μήτηρ,
409 2645 462 2726 al,
493 2654 526 2707 et
548 2643 612 2707 illis
643 2666 727 2729 quae
758 2656 832 2710 sunt
863 2643 993 2730 γαστήρ,
1017 2638 1131 2729 ἀστήρ,
1155 2650 1182 2711 si
1204 2648 1265 2712 hoc
1289 2651 1418 2713 omnino
1441 2672 1557 2714 nomen
1582 2654 1707 2735 agentis

267 2759 316 2812 est
330 2746 364 2833 ¹),
411 2757 442 2810 et
483 2746 572 2833 quod
613 2745 800 2830 significatu
843 2772 955 2813 eorum
990 2763 1108 2814 natura
1141 2750 1285 2816 verbalis
1320 2773 1383 2816 non
1412 2754 1478 2815 iam
1512 2755 1708 2838 perspicitur

267 2859 298 2914 et
322 2850 410 2934 quod
434 2850 652 2913 declinatione
676 2872 695 2913 a
719 2853 836 2914 ceteris
859 2852 1043 2915 nominibus
1066 2855 1191 2935 agentis
1213 2865 1426 2920 recesserunt.

373 2951 500 3017 Maiore
529 2961 636 3016 autem
666 2951 791 3016 ambitu
821 2953 902 3018 haec
928 2956 1057 3018 nomina
1087 2957 1212 3038 agentis
1241 2957 1349 3021 adhuc
1371 2965 1511 3023 tractata
1533 2979 1598 3022 non
1621 2971 1705 3024 sunt.

268 3056 404 3120 Praeter
426 3058 668 3140 grammaticos
692 3076 829 3141 quorum
853 3078 912 3120 suo
935 3079 1098 3143 quemque
1120 3060 1192 3123 loco
1216 3058 1370 3141 laudabo,
1391 3083 1499 3146 pauca
1527 3059 1567 3124 de
1598 3063 1643 3125 eis
1673 3064 1707 3125 iu

266 3160 454 3222 universum
477 3157 558 3220 dixit
583 3157 753 3237 Ebelius2)
778 3170 810 3223 et
833 3160 873 3222 de
898 3182 959 3223 usu
983 3182 1093 3224 corum
1111 3161 1288 3227 Homerico
1312 3163 1416 3227 verba
1437 3165 1516 3228 lecit
1535 3162 1704 3248 D'00g08)

266 3263 329 3342 oui,
361 3282 446 3346 quae
476 3263 508 3323 in
544 3263 589 3324 eis
621 3283 705 3346 quae
736 3275 915 3346 sequuntur
938 3284 979 3326 ex
1002 3263 1138 3327 Homeri
1157 3266 1354 3330 carminibus
1376 3265 1522 3347 afferam,
1546 3289 1704 3350 magnae

264 3374 360 3448 parte
387 3362 559 3428 debentur.
590 3361 699 3444 Quam
722 3374 832 3428 autem
856 3367 1048 3449 conscripsit
1069 3367 1330 3433 dissertationem
1356 3368 1572 3446 Bnehlerus4)
1595 3371 1704 3453 magni

265 3468 419 3530 momenti
442 3488 505 3530 non
530 3489 600 3529 esse
624 3464 761 3550 D’Ooge
784 3468 861 3530 satis
884 3468 1128 3536 demonstravit.

375 3569 570 3654 Antiquiora
603 3589 672 3632 esse
708 3567 829 3634 suffixa
860 3591 925 3648 τωρ
956 3580 986 3634 et
1016 3593 1076 3653 τηρ
1108 3595 1147 3636 eo
1177 3576 1318 3637 maxime
1349 3575 1516 3660 probatur,
1547 3574 1635 3659 quod
1670 3577 1704 3637 in

262 3673 374 3755 lingua
404 3673 593 3735 sanseritica
619 3683 652 3734 et
682 3670 783 3734 latina
818 3671 927 3736 locum
957 3673 1089 3739 habent.
1135 3675 1335 3739 Terminatio
1370 3686 1479 3739 autem
1506 3697 1562 3758 της
1583 3676 1649 3758 vel,
1669 3686 1705 3742 nt

263 3776 378 3839 melius
394 3773 509 3854 dicam,
524 3776 623 3858 stirps
645 3775 715 3837 eius
738 3783 771 3836 ta
801 3786 959 3860 usurpata
981 3774 1112 3861 quidem
1127 3777 1169 3841 ad
1191 3780 1321 3842 nomina
1343 3780 1469 3862 agentis
1492 3777 1706 3861 significanda

263 3876 466 3941 Graecorum
506 3878 641 3962 propria
682 3885 749 3958 est;
800 3878 919 3941 latinae
958 3879 1033 3943 illae
1071 3901 1181 3959 voces,
1230 3879 1322 3946 velut
1361 3891 1467 3966 poeta,
1506 3891 1615 3957 nauta,
1652 3883 1704 3964 al,

263 4002 280 4043 e
304 3979 433 4044 Graeca
455 3980 567 4063 lingua
587 3989 744 4064 receptae
770 3989 854 4044 sunt.
900 3979 1065 4046 Suffixum
1089 3994 1199 4047 autem
1222 3984 1285 4047 hoc
1301 3981 1466 4049 Graecum
1487 4003 1544 4068 της
1561 4005 1578 4046 e
1593 3986 1704 4070 priore

262 4081 319 4146 illo
342 4103 402 4167 τηρ
424 4094 530 4147 ortum
553 4104 624 4146 esse
649 4093 687 4145 ut
710 4082 959 4164 demonstraret,
991 4083 1051 4148 sibi
1074 4089 1244 4172 proposuit
1266 4083 1414 4169 D'Ooge,
1436 4107 1544 4171 neque
1566 4087 1704 4151 multum

263 4185 429 4270 discrepat
465 4184 562 4249 Ebeli
603 4187 774 4250 sententia.
833 4189 902 4269 Τηρ
934 4185 991 4251 ille
1026 4189 1194 4252 contendit
1223 4188 1436 4272 assumpsisse
1464 4188 1609 4252 litteram
1638 4211 1703 4274 qua

262 4289 482 4350 nominativus
509 4287 700 4369 designatur
722 4307 736 4356 ς
761 4298 793 4350 et
816 4289 934 4352 deinde
959 4291 1063 4354 eiecta
1085 4289 1194 4354 littera
1217 4312 1236 4370 ρ
1258 4291 1382 4353 factum
1408 4311 1478 4368 esse
1502 4311 1567 4374 της.
1613 4291 1703 4355 Talis

366 4539 385 4599 ¹)
409 4537 452 4593 Of.
472 4538 531 4592 Leo
551 4538 649 4609 Meyer
671 4539 834 4593 Handbuch
853 4539 903 4594 der
924 4559 966 4611 gr.
987 4541 1169 4613 Etymologie
1188 4560 1209 4598 s.
1229 4561 1255 4597 v.

366 4625 388 4696 ²)
407 4625 462 4678 Die
479 4626 636 4679 masculina
654 4627 707 4679 auf
725 4645 780 4696 της,
800 4626 902 4680 Kuhns
921 4628 1088 4682 Zeitschrift
1105 4630 1123 4683 4
1143 4647 1171 4698 p.
1190 4631 1249 4686 155.

367 4711 389 4782 ³)
409 4710 453 4764 On
471 4711 519 4765 the
538 4729 588 4766 use
607 4714 638 4766 of
655 4713 703 4767 the
722 4714 841 4768 suffixae
859 4733 904 4792 τερ
923 4733 974 4791 τορ
994 4734 1032 4768 τα
1051 4717 1081 4768 in
1099 4716 1214 4787 Homer,
1231 4717 1352 4788 Leipzig
1371 4719 1447 4777 1873.

371 4804 393 4866 ⁴)
412 4798 473 4851 Das
493 4799 669 4869 griechische
688 4801 933 4854 secundaersulfix
951 4820 1007 4871 της,
1028 4802 1201 4874 Goettingen
1220 4805 1296 4860 1858.
