3796 5518
887 413 1096 479 -50-

259 602 363 684 ‘origo
390 609 503 686 aperta
527 601 672 664 nondum
697 612 755 682 est,
777 602 908 687 passiva
931 623 994 666 non
1016 603 1241 684 inveniuntur3
1263 604 1295 666 in
1318 604 1446 668 nomine
1471 599 1652 682 σταλαγμός
1674 613 1706 667 et

251 703 357 788 -apud
384 687 528 784 tragicos
552 715 584 767 et
609 702 697 788 apud
721 706 863 768 comicos
886 703 1023 768 eandem
1038 707 1270 789 metonymiam
1286 707 1478 786 invenimus,
1495 727 1592 791 quarn
1609 705 1705 769 modo

269 807 485 889 cognovimus
516 828 696 892 paucorum
731 809 896 871 nominum
937 809 968 870 in
1002 822 1060 886 σις,
1096 809 1142 871 ita
1176 817 1211 872 ut
1244 809 1284 872 sit
1322 805 1500 885 σταλαγμός
1535 807 1579 888 id,
1616 807 1704 892 quod

267 907 424 988 destillat,
457 908 555 973 stilla.
601 909 726 973 Eodem
759 923 867 973 autern
897 909 994 974 modo
1024 931 1092 973 rem
1120 932 1154 974 se
1185 908 1307 973 habere
1337 910 1483 974 dicemus
1513 911 1544 973 in
1575 911 1704 974 nomine

268 1005 452 1092 ὀφθαλμός,
480 1013 539 1074 etsi
569 1011 717 1092 verbum,
747 1034 766 1075 a
796 1032 860 1096 quo
894 1009 976 1075 illud
1006 1010 1141 1076 ductum
1172 1020 1228 1093 est,
1259 1014 1457 1096 ignoramus.
1502 1014 1581 1076 Sine
1604 1010 1703 1076 dubio

266 1105 441 1193 ὀφθαλμός
474 1135 538 1176 non
573 1113 670 1177 aliter
703 1113 986 1198 interpretandum
1020 1124 1068 1190 est
1105 1135 1202 1200 quam
1236 1109 1332 1193 ὄμμα,
1364 1113 1492 1193 δέργμα,
1520 1135 1603 1198 quae
1632 1115 1704 1200 ipsa

252 1214 412 1298 intellegi
435 1235 499 1278 non
522 1225 659 1299 possunt
680 1217 741 1286 nisi
764 1218 983 1300 metonymiae
1005 1215 1093 1280 illius
1117 1237 1188 1303 ope.

374 1317 434 1381 His
478 1325 588 1381 autem
633 1319 761 1383 duobus
805 1321 1015 1404 pervenimus
1060 1317 1102 1383 ad
1145 1319 1352 1383 tractandam
1388 1319 1554 1383 nominum
1590 1320 1623 1381 in
1658 1339 1705 1398 μα

265 1421 454 1484 exeuntium
487 1422 563 1500 vim,
597 1442 681 1506 quae
709 1420 797 1485 haud
827 1442 901 1485 raro
933 1420 1128 1486 difficillima
1160 1432 1207 1486 est
1230 1422 1395 1502 distinctu,
1420 1443 1485 1505 qua
1510 1421 1704 1485 factumest

262 1545 376 1601 causa,
400 1531 446 1604 ut,
469 1543 552 1606 quae
567 1525 772 1607 grammatici
788 1523 828 1587 de
846 1546 884 1587 ea
900 1522 1094 1600 docuerunt,
1111 1525 1330 1588 diversissima
1346 1524 1419 1587 sint.
1453 1523 1671 1588 Buttmannus
1681 1525 1703 1602 ¹)

263 1627 350 1689 enim
381 1624 598 1709 significatum
633 1628 844 1712 praecipuum
876 1649 947 1690 esse
978 1625 1056 1691 dicit
1087 1629 1265 1711 passivum,
1295 1649 1391 1712 quem
1420 1634 1529 1692 tamen
1550 1625 1704 1690 fluctuari

263 1737 373 1792 monet
407 1728 558 1813 exemplo
588 1726 662 1792 dato
693 1725 855 1812 φρόνημα,
885 1729 964 1793 nihil
997 1731 1180 1794 accuratius
1210 1729 1329 1794 dicens.
1375 1728 1586 1808 Kuehnero²)
1623 1727 1703 1792 haec

262 1831 394 1894 nomina
417 1829 600 1914 significant
623 1831 816 1916 plerumque
838 1832 882 1911 id,
908 1829 993 1916 quod
1019 1834 1147 1896 actione
1170 1832 1322 1898 effectum
1344 1845 1403 1897 est.
1441 1829 1702 1917 Brugmannus³)

263 1933 405 2018 denique
436 1934 532 1998 docet
555 1946 672 1998 neutra
701 1933 758 1996 illa
792 1935 883 2012 initio
913 1935 1013 1998 fuisse
1050 1936 1181 1998 nomina
1204 1937 1347 2016 actionis,
1370 1956 1455 2021 quae
1478 1955 1577 2018 saepe
1600 1935 1631 1997 in
1655 1935 1702 1997 rei

263 2034 479 2118 significatum
504 2034 651 2116 abierint,
674 2035 764 2100 nullo
787 2046 895 2100 tamen
921 2035 1022 2100 allato
1045 2039 1173 2101 nomine
1197 2039 1342 2103 actionis.
1705 2025 1707 2032 ¹

362 2138 507 2202 Maxima
519 2149 628 2201 autem
641 2160 718 2224 pars
730 2139 845 2203 horum
858 2141 1023 2206 nominum
1039 2141 1071 2202 vi
1084 2143 1217 2225 passiva
1231 2141 1381 2227 praedita
1396 2150 1455 2221 est,
1470 2141 1516 2202 ita
1530 2148 1566 2202 ut
1581 2137 1702 2221 signifi-

245 2247 355 2304 ·'cetur
379 2249 435 2304 aut
456 2240 501 2321 id,
524 2239 612 2326 quod
638 2242 766 2305 actione
791 2241 941 2305 effectum
966 2252 1024 2323 est,
1046 2255 1104 2307 aut
1124 2264 1177 2306 res
1196 2242 1251 2307 vel
1266 2241 1373 2320 homo,
1388 2240 1430 2304 ad
1448 2263 1545 2328 quem
1561 2242 1703 2326 pertinet

245 2345 361 2424 actio,
400 2365 483 2429 quae
521 2346 571 2407 vis
608 2345 679 2430 ipsa
716 2343 926 2408 similitudine
964 2367 1037 2408 cum
1074 2344 1187 2410 formis
1217 2347 1355 2429 perfecti
1385 2345 1522 2430 passivi,
1553 2364 1637 2429 quae
1660 2363 1701 2406 ne

262 2456 395 2510 veteres
426 2445 556 2531 quidem
585 2449 815 2530 grammaticos
846 2447 931 2529 fugit
961 2447 1015 2526 (cf.
1047 2448 1169 2533 supra),
1200 2449 1278 2511 satis
1307 2448 1476 2534 probatur.
1527 2446 1637 2530 Atque
1661 2466 1702 2508 ea

266 2550 425 2633 imprimis
462 2551 607 2628 nomina,
644 2571 729 2635 quae
767 2572 786 2614 a
824 2546 934 2614 verbis
972 2551 1150 2614 transitivis
1194 2551 1345 2614 derivata
1382 2559 1466 2632 sunt,
1502 2548 1565 2612 hoc
1601 2547 1699 2612 modo

244 2669 246 2678 ⁴
262 2653 516 2737 usurpabantur.

368 2754 416 2818 Ut
431 2767 537 2819 autem
555 2755 709 2820 suffixum
725 2775 783 2833 μσς
799 2756 967 2840 passivum
983 2777 1053 2819 esse
1065 2765 1204 2840 poterat,
1219 2755 1354 2819 velutin
1371 2751 1524 2838 χρησμός,
1540 2755 1586 2818 sic
1602 2753 1700 2815 etiam

241 2877 306 2934 ’μα
329 2859 435 2921 active
460 2855 640 2938 dicebatur,
662 2857 755 2922 velut
777 2858 899 2934 θαῦμα,
921 2852 1058 2939 νόσημα,
1080 2859 1222 2922 maxime
1246 2858 1378 2944 quidem
1393 2859 1425 2920 in
1443 2857 1489 2920 eis
1503 2852 1700 2934 nominibus,

262 2981 347 3043 quae
371 2983 390 3023 a
412 2959 522 3024 verbis
546 2961 758 3023 intransitivis
782 2961 939 3044 originem
963 2959 1136 3041 ducebant,
1159 2972 1190 3024 et
1212 2961 1277 3025 illis
1299 2951 1469 3046 imprimis,
1498 2978 1593 3044 quae,
1626 2977 1700 3020 curn

262 3071 409 3126 exstaret
439 3062 562 3126 vocalis
592 3073 667 3126 ante
696 3064 967 3144 terminationem,
997 3064 1029 3126 in
1057 3083 1117 3140 μος
1146 3065 1237 3128 exire
1268 3086 1330 3128 non
1358 3069 1521 3150 poteraut.
1567 3057 1699 3121 Tertius

263 3174 381 3246 autem,
416 3176 448 3228 et
480 3165 537 3228 ille
568 3164 698 3250 quidem
736 3167 876 3228 maxime
900 3187 919 3226 a
951 3165 1121 3248 tragoedia
1150 3166 1309 3245 excultus,
1340 3177 1389 3229 est
1411 3163 1622 3246 significatus
1643 3161 1699 3246 qui

260 3265 353 3330 illum
386 3269 553 3351 participii
576 3265 749 3351 adaequat,
772 3266 864 3330 velut
886 3264 1044 3345 δούλευμα
1066 3277 1116 3330 est
1141 3261 1345 3350 ὁδουλεύων,
1364 3266 1482 3353 cuique
1504 3266 1555 3329 vis
1577 3263 1698 3327 latinae

261 3371 498 3435 terminationis
529 3393 612 3450 men,
643 3391 727 3454 quae
758 3369 878 3453 legitur
901 3391 928 3432 e.
951 3393 982 3455 g.
1005 3373 1037 3434 in
1061 3370 1220 3449 levamen,
1251 3370 1406 3446 solamen,
1436 3368 1486 3450 al,
1510 3365 1697 3452 respondet.

261 3472 321 3536 Est
347 3473 429 3537 haec
463 3472 593 3558 quidem
623 3474 832 3557 metonymia,
863 3474 908 3536 ita
937 3481 973 3536 ut
996 3472 1195 3536 abstractum
1218 3495 1278 3559 pro
1301 3480 1454 3538 concreto
1476 3467 1697 3556 usurpetur4),
1759 3469 1760 3474 ’

261 3576 316 3660 qui
346 3597 424 3639 usus
456 3575 564 3639 locum
589 3572 760 3639 obtinebat
783 3585 815 3638 et
837 3574 983 3640 obtinere
1007 3574 1150 3640 debebat
1170 3579 1347 3641 maximum
1369 3579 1401 3639 in
1424 3593 1573 3638 sermone
1597 3569 1698 3635 artifi-

260 3678 349 3742 cioso
380 3676 579 3764 tragoediae,
610 3679 702 3742 cuius
736 3687 845 3742 tamen
868 3690 901 3742 et
924 3681 956 3741 in
980 3678 1109 3743 Graeca
1138 3689 1171 3742 et
1200 3680 1232 3742 in
1263 3677 1336 3742 aliis
1365 3678 1483 3761 linguis
1504 3697 1569 3739 non
1590 3695 1697 3758 pauca

261 3790 395 3844 exstant
418 3781 543 3862 similia,
569 3780 609 3844 cf.
634 3803 661 3844 e.
685 3803 715 3864 g.
738 3795 885 3845 nostrum
909 3782 1107 3865 bedienung,
1130 3781 1346 3864 aufwartung,
1370 3778 1459 3859 al.⁵).'

370 3880 523 3947 Ceterum
549 3882 631 3946 haee
664 3886 863 3970 metonymia
895 3885 982 3968 apud
1014 3885 1156 3968 tragicos
1185 3905 1249 3948 non
1278 3889 1399 3970 primos
1422 3882 1602 3962 invenitur3
1624 3881 1696 3966 ipse

160 3991 162 3998 ⁴
259 3985 425 4050 Homerus
448 3987 562 4050 decem
595 3988 823 4071 participialia,
856 3995 892 4051 ut
924 3990 971 4051 ita
1004 3988 1121 4065 dicam,
1158 3995 1191 4050 et
1226 3997 1380 4072 quattuor
1408 3994 1534 4048 tantum
1563 3984 1696 4068 passiva

259 4089 392 4152 nomina
415 4087 563 4152 verbalia
592 4091 625 4152 in
654 4109 700 4167 μα
728 4091 829 4155 novit.
876 4089 1085 4154 Crebriorem
1106 4100 1216 4154 autem
1238 4088 1323 4153 hunc
1346 4109 1441 4154 usum
1463 4086 1575 4150 suffixi
1595 4103 1640 4162 μα
1662 4093 1695 4146 et

259 4193 364 4275 magis
398 4199 616 4276 propagatum
654 4191 743 4277 apud
776 4194 919 4276 tragicos
952 4215 1023 4257 esse
1054 4215 1151 4278 quarn
1174 4191 1263 4278 apud
1287 4193 1428 4255 comicos
1450 4191 1557 4274 ipsum
1578 4209 1638 4272 per
1661 4208 1695 4248 se

364 4395 386 4460 ¹)
406 4393 456 4448 Gr.
474 4393 603 4463 Spraohl.
622 4395 677 4448 11²
696 4415 723 4465 p.
742 4396 827 4464 398l9.

363 4479 385 4552 Δ3)
403 4480 421 4534 l.
441 4480 458 4535 l.
479 4481 491 4532 l
509 4482 534 4549 2,
552 4482 612 4536 272.

363 4566 386 4639 Β)
404 4567 422 4621 l.
440 4567 458 4619 l.
477 4585 506 4636 p.
524 4568 583 4622 189.

364 4656 385 4720 ⁴)
403 4652 530 4707 Strictim
549 4652 583 4706 de
602 4654 656 4707 hac
673 4672 703 4707 re
723 4655 782 4725 egit
801 4653 936 4707 Kuelrner
955 4652 972 4710 l,
991 4653 1010 4708 l.
1029 4653 1101 4723 111,
1120 4655 1161 4709 10.

363 4745 384 4808 ⁵)
403 4740 509 4795 Ruetsr
541 4741 585 4794 De
614 4744 788 4812 metonymia
818 4739 980 4794 abstractae
1010 4741 1134 4795 notionis
1165 4758 1217 4810 pro
1247 4743 1380 4795 concreta
1409 4736 1486 4806 apud
1511 4731 1695 4802 Aeschylum,

260 4825 340 4880 Halis
362 4827 442 4896 18773
462 4827 536 4881 Pecs
554 4827 609 4881 Die
628 4833 729 4898 tropen
747 4828 796 4881 des
815 4827 984 4898 Aeschylus,
1001 4826 1159 4896 Sophokles
1178 4827 1235 4880 und
1255 4825 1413 4896 Euripides,
1432 4822 1528 4876 Berlin
1548 4821 1623 4877 1886.
