3796 5518
839 409 1048 474 ..23-

220 595 287 678 illa,
310 618 394 681 quae
418 619 517 682 supra
539 597 603 661 iam
626 598 731 679 attuli,
755 591 843 680 ἁνήρ,
865 593 951 680 γυνη,
979 590 1132 680 θυγάτηρ,
1167 598 1308 661 omnium
1338 595 1539 662 Graecorum
1573 617 1661 661 com·

220 699 329 762 munia
362 709 464 763 erant.
517 699 555 763 In
586 702 712 765 cantico
741 700 880 784 legimus
910 699 970 764 Ra.
995 697 1058 764 875
1087 687 1112 760 ὦ
1140 689 1221 768 Διὸς
1254 693 1348 762 ἐννέα
1378 700 1539 780 παρθένοι
1570 693 1661 778 ὁγναλ

220 799 362 873 Μοῦσαι,
386 823 469 886 quac
492 802 596 865 verba
618 812 769 868 naturam
792 805 950 868 sermonis
972 801 1143 887 Euripidei
1173 824 1254 886 prae
1285 825 1320 866 se
1349 803 1477 883 ierunt,
1510 801 1552 866 ab
1589 803 1660 888 ipso

220 901 281 967 hoo
294 903 413 969 dicitur
428 903 488 968 Ra.
502 903 566 970 950
576 899 686 985 ἔλεγον
698 957 705 972 .
719 954 725 968 .
747 899 793 983 χώ
809 903 973 989 δεσπότης
983 899 1024 989 χὴ
1034 907 1202 986 παρθένος
1212 897 1252 987 td
1262 902 1357 985 γραῦς
1377 899 1428 982 ἄν,
1452 905 1540 988 quod
1552 914 1661 968 tamen

219 1028 297 1070 usus
319 1007 430 1070 tralati
453 1005 639 1092 exemplum
662 1018 787 1074 certum
809 1030 874 1072 non
899 1018 956 1074 est.
988 993 1155 1087 Quantum
1166 1016 1275 1071 autern
1286 1007 1417 1071 differat
1435 1007 1476 1071 ab
1492 1007 1660 1091 Euripidis

219 1108 370 1173 versibus
392 1109 455 1173 An.
481 1109 577 1188 17415
599 1112 862 1197 Aristophaneus
885 1111 945 1175 ille
963 1111 1026 1176 Nu.
1052 1111 1135 1176 1372
1159 1132 1257 1196 supra
1279 1112 1344 1174 iam
1373 1109 1606 1190 demonstravi,
1631 1120 1661 1173 et

221 1212 395 1296 quodiam
424 1211 492 1275 dixi
526 1213 698 1298 Eupolidis
721 1215 759 1280 fr.
791 1215 855 1279 233
888 1206 1005 1292 γυναῖκ’
1038 1208 1163 1275 ἐκίνουν
1199 1208 1354 1293 κολλύβου
1389 1211 1441 1274 καὶ
1474 1210 1581 1272 παῖδα
1610 1208 1662 1271 καί

220 1318 351 1393 γέροντα
373 1314 595 1398 significatum
619 1318 757 1381 nominis
780 1317 885 1378 παῖδα
907 1317 1005 1380 statui
1028 1325 1118 1380 certo
1141 1337 1205 1379 non
1235 1337 1342 1400 posse,
1378 1314 1466 1378 idem
1497 1313 1589 1378 valet
1621 1310 1662 1376 de

220 1419 349 1481 nomine
373 1416 428 1480 illo
458 1420 599 1498 γέροντα.
644 1418 742 1499 Quod
771 1430 880 1483 autem
910 1442 928 1482 a
963 1419 1133 1483 comoedia
1159 1419 1294 1503 antiqua
1325 1417 1422 1502 plane
1452 1417 1663 1501 repudiatum

222 1541 292 1584 esse
315 1517 476 1600 videmus,
498 1521 531 1583 in
554 1521 730 1585 artificioso
765 1544 913 1586 sermone
935 1521 1060 1601 Novae,
1096 1521 1152 1605 qui
1185 1529 1256 1584 arte
1289 1520 1332 1585 ad
1365 1520 1557 1604 Euripidem
1590 1540 1662 1582 sese

218 1621 422 1708 applicabat,
445 1645 559 1687 rursus
575 1635 721 1709 apparet.
753 1623 855 1710 Apud
869 1623 1041 1708 Diphilum
1057 1623 1197 1706 legimus
1212 1623 1251 1689 fr.
1270 1623 1331 1688 126
1345 1621 1519 1704 Προιτίδας
1534 1614 1662 1698 ἁγνίζων

219 1721 333 1805 κούρας
354 1724 406 1787 καὶ
427 1720 482 1787 τὸν
512 1719 621 1809 πατέρ’
659 1721 764 1788 αὐτῶν
787 1728 931 1806 Προῖτον
963 1717 1175 1809 Ἀβαντιάδην
1208 1725 1260 1786 καὶ
1293 1723 1390 1807 γραῦν
1424 1729 1573 1805 πέμπτην
1607 1717 1663 1783 ἐπὶ

219 1827 336 1906 τοῖσδε,
359 1850 443 1912 qnae
468 1826 599 1912 quidem
623 1827 781 1914 parodica
805 1849 874 1892 esse
898 1843 1038 1914 apparet
1046 1849 1055 1910 3
1077 1827 1164 1915 apud
1186 1827 1404 1892 Menandrum
1434 1837 1544 1891 antem
1573 1827 1662 1888 inve·

219 1931 324 1996 nimus
346 1932 385 1995 fr.
410 1932 471 1996 877
499 1922 648 2013 ἒκόθηνί
671 1926 725 1994 ἐπὶ
747 1932 866 2013 δίφρου
887 1927 991 2014 μήτηρ
1013 1951 1048 1994 τε
1069 1930 1121 1993 καὶ
1142 1933 1317 2011 παρθένος.

329 2032 553 2118 Cognovimus
578 2037 623 2097 eis
646 2056 730 2119 quae
753 2036 958 2119 praecedunt
981 2037 1049 2099 eius
1063 2033 1152 2098 modi
1164 2036 1305 2114 nomina,
1321 2054 1415 2117 quae,
1439 2033 1466 2094 si
1488 2032 1553 2094 vim
1570 2053 1662 2095 suam

220 2135 437 2222 principalem
459 2135 694 2223 sequebantur,
716 2138 919 2202 acomoedia
942 2138 1049 2201 aliena
1068 2158 1131 2200 non
1154 2145 1253 2217 erant,
1276 2136 1394 2220 quibus
1417 2141 1525 2197 autom
1546 2134 1663 2216 tragici

221 2248 254 2301 et
275 2241 416 2303 maxime
441 2239 572 2324 quidem
594 2239 771 2323 Euripides
795 2249 921 2304 certum
945 2238 1108 2324 quendam
1132 2238 1352 2322 significatum
1381 2236 1535 2301 tralatum
1573 2237 1661 2300 attri-

220 2339 375 2405 buebant.
420 2341 493 2405 lam
514 2343 669 2406 accedam
692 2342 734 2407 ad
758 2365 797 2406 ea
819 2342 980 2407 vocabula
1003 2342 1187 2420 tractanda,
1211 2362 1349 2426 quorum
1372 2338 1513 2426 plurima
1546 2361 1564 2401 a
1596 2359 1662 2402 ser·

221 2464 316 2508 mone
338 2442 470 2526 vulgari
493 2446 622 2510 omnino
646 2457 781 2531 recepta
803 2468 869 2509 non
892 2454 976 2524 sunt,
1000 2468 1074 2510 cum
1097 2447 1213 2530 tragici
1229 2467 1268 2508 ea
1285 2457 1320 2507 ut
1337 2444 1500 2528 exquisita
1524 2450 1556 2506 et
1573 2441 1661 2505 elata

220 2557 278 2610 aut
300 2567 320 2610 a
341 2546 505 2631 prioribus
528 2550 666 2612 mutuati
689 2551 752 2612 sint
775 2559 831 2612 aut
853 2550 915 2633 ipsi
939 2547 1000 2612 sibi
1023 2547 1245 2614 formaverint.

328 2648 392 2712 Pro
414 2649 517 2713 fratre
542 2661 573 2714 et
597 2672 709 2714 sorore
744 2650 934 2734 tragoediae
970 2652 1103 2737 propria
1139 2651 1269 2715 nomina
1300 2659 1375 2714 sunt
1409 2649 1593 2730 κασίγνητος
1630 2655 1662 2710 et

220 2746 401 2835 κασιγνίμη,
432 2773 538 2836 aequo
554 2760 663 2816 autem
679 2753 750 2817 iure
765 2752 917 2836 vulgaria
931 2751 989 2816 illa
1011 2745 1151 2832 ἀδελφός
1174 2761 1206 2816 et
1230 2746 1354 2835 ἀδελφὴ
1375 2761 1585 2836 usurpantur.
1622 2751 1663 2814 In

220 2853 271 2918 his
281 2877 410 2940 quoque
423 2855 621 2940 usurpandis
632 2853 799 2940 Euripidis
816 2855 951 2920 libertas
966 2857 1070 2919 maior
1086 2867 1135 2919 est
1151 2877 1248 2940 quam
1265 2865 1456 2921 ceterorum.
1481 2852 1662 2940 Sophocles

221 2979 292 3022 eam
316 2955 533 3021 differentiam
555 2959 645 3038 feeit,
675 2959 766 3022 utin
797 2957 993 3023 allocutione
1024 2961 1210 3042 κασίγνητον
1239 2954 1323 3037 κόρα
1355 2967 1441 3022 osset
1474 2957 1576 3020 frater
1610 2954 1660 3019 El·

222 3061 305 3124 1164
325 3059 388 3126 An.
410 3061 484 3140 915,
505 3052 646 3142 ἀδελφόν
666 3057 749 3142 κόρα
764 3083 856 3125 soror
871 3061 934 3126 An.
954 3064 981 3143 1,
1005 3059 1073 3127 00.
1090 3063 1170 3142 3213
1193 3059 1369 3145 Euripides
1385 3070 1499 3124 contra
1516 3057 1661 3122 formula

219 3167 406 3245 κασίγνητον
426 3161 507 3244 κάρα
528 3185 588 3247 pro
611 3164 709 3229 fratre
733 3162 790 3229 Or.
813 3165 874 3230 237
900 3174 931 3229 et
952 3188 1013 3250 pro
1036 3186 1148 3230 sorore
1173 3163 1229 3229 Or.
1245 3166 1318 3243 294,
1341 3165 1397 3230 ΙΤ.
1421 3164 1484 3229 983
1507 3183 1584 3226 usus
1604 3168 1660 3225 est.

220 3265 267 3330 Ut
288 3287 371 3350 quae
394 3287 494 3352 supra
516 3267 656 3330 tractavi
678 3264 776 3346 γόνοι,
794 3263 899 3348 κόροι,
921 3264 1023 3350 τόκοι,
1045 3269 1091 3332 ita
1113 3267 1276 3354 pluralem
1297 3257 1433 3347 ἀδελφοί
1459 3264 1546 3330 idem
1568 3287 1660 3331 usur·

220 3367 321 3454 pabat
339 3389 460 3452 genere
483 3368 672 3433 indistincto
693 3391 755 3454 pro
779 3391 818 3434 eo
842 3370 930 3454 quod
960 3391 1020 3434 nos
1055 3371 1192 3434 dicimus
1214 3369 1446 3450 Geschwister,
1483 3368 1564 3433 Hec.
1589 3368 1661 3451 896,

220 3471 272 3536 El.
295 3471 369 3554 536,
392 3473 464 3553 746,
487 3471 565 3538 Her.
590 3472 663 3555 536,
686 3473 758 3537 622.
779 3485 780 3490 ’
803 3473 930 3538 Eodem
954 3484 1065 3539 autem
1095 3496 1192 3538 sensu
1223 3467 1398 3553 ὁμαίμονες
1425 3472 1575 3555 legimus,
1604 3471 1662 3535 IT.

223 3575 305 3640 1402
322 3574 428 3656 φιλεῖν
452 3571 489 3637 δὲ
509 3571 593 3654 κάμὲ
613 3568 686 3644 τούς
708 3570 884 3656 ὁμαίμονας
904 3572 1003 3658 δόκει,
1025 3599 1090 3662 quo
1114 3578 1155 3641 de
1178 3577 1251 3641 loco
1274 3578 1360 3640 inira
1390 3572 1566 3640 dicendum
1588 3575 1661 3659 erit,

222 3701 295 3743 oum
318 3679 407 3764 apud
437 3678 637 3766 Sophoclem
670 3681 727 3746 Tr.
761 3682 842 3746 1147
878 3677 968 3743 κάλει
989 3673 1026 3744 τὸ
1047 3681 1116 3743 πᾶν
1136 3702 1194 3760 μοι
1223 3673 1358 3760 σπέρμα
1384 3676 1449 3738 σῶν
1479 3671 1662 3755 ὁμαιμόνων

220 3781 337 3846 melius
360 3781 479 3845 fratres
502 3790 628 3846 tantum
660 3782 895 3868 intellegantur
917 3776 1098 3863 ὁμαίμονες.
1149 3781 1266 3847 Omnia
1295 3788 1405 3847 autem
1432 3777 1492 3842 illa
1520 3781 1661 3859 nomina,

222 3906 305 3968 quae
327 3884 465 3968 legimus
487 3885 519 3946 in
541 3884 662 3950 fabulis
684 3888 895 3968 tragicorum,
918 3886 1009 3951 velut
1023 3879 1125 3968 κάσις,
1150 3880 1309 3966 σύγγονος,
1333 3876 1481 3963 ὅμαιμος,
1505 3876 1661 3959 ὁμαίμων,

223 3986 299 4064 alia,
333 4008 440 4051 sermo
473 3987 612 4074 simplex
646 3989 845 4054 comicorum
875 3988 974 4073 plane
1002 3990 1141 4073 ignorat.
1186 3988 1236 4053 Ea
1265 3997 1374 4052 autem
1405 3988 1447 4052 de
1477 4005 1576 4050 eausa
1604 3981 1662 4048 illa

221 4087 385 4152 voeabula
413 4089 475 4154 hoc
506 4090 578 4154 loco
601 4089 778 4175 neglegere
809 4091 898 4171 licet,
927 4094 1121 4176 praesertim
1144 4113 1219 4157 oum
1240 4093 1326 4156 intra
1348 4091 1450 4177 ipsius
1471 4085 1661 4171 tragoediae

222 4187 304 4254 fines
337 4189 416 4255 nihil
450 4192 582 4275 dignum
617 4201 799 4257 memoratu
835 4193 984 4275 offerant,
1017 4202 1250 4280 praeterquam
1281 4192 1379 4279 quod,
1409 4202 1446 4258 ut
1474 4192 1545 4256 fere
1568 4189 1606 4254 fit
1627 4191 1660 4255 in

223 4292 343 4356 talibus
364 4292 512 4375 vocibus,
535 4293 715 4382 Sophocles
745 4297 790 4361 eis
820 4319 925 4385 paene
955 4296 1119 4379 abstinuit,
1151 4296 1325 4382 Euripides
1355 4297 1439 4361 favit
1468 4295 1534 4361 illis
1562 4316 1661 4381 quam

222 4395 373 4459 maxime.
431 4394 498 4460 Cur
528 4407 637 4460 autem
668 4421 708 4462 ea
744 4401 877 4463 nomina
907 4398 995 4485 apud
1025 4401 1167 4464 comicos
1196 4401 1326 4465 omnino
1361 4400 1477 4481 desint,
1508 4399 1577 4463 eius
1612 4397 1661 4462 rei

223 4519 355 4561 causam
385 4519 451 4562 non
480 4499 589 4562 inveni
618 4502 680 4564 nisi
709 4524 791 4584 earn,
823 4523 922 4586 quam
957 4503 1094 4568 eandem
1123 4524 1221 4588 snpra
1251 4503 1416 4568 valentem
1438 4502 1659 4586 cognovimus,

223 4599 311 4685 quod
344 4600 468 4664 scilicet
502 4605 685 4667 communia
718 4616 793 4669 sunt
834 4612 867 4668 et
896 4613 1073 4691 propterea
1106 4608 1246 4671 sermoni
1280 4628 1357 4671 usus
1394 4603 1549 4670 cotidiani
1581 4604 1659 4668 satis

223 4701 332 4766 clarae
375 4725 439 4768 non
484 4713 575 4768 erant
611 4728 718 4792 neque
753 4706 925 4772 intellectu
961 4707 1085 4774 faciles.
1152 4708 1277 4774 Eadem
1313 4709 1354 4775 de
1393 4731 1492 4774 causa
1529 4707 1659 4772 omnino

223 4802 384 4870 adiectiva
436 4829 492 4886 ea,
544 4829 628 4892 quae
680 4809 808 4874 duabus
860 4819 985 4876 tantum
1037 4811 1320 4877 terminationibus
1371 4810 1522 4899 praedita
1574 4819 1659 4895 sunt,
