<?xml version="1.0" encoding="UTF-8"?>
<!DOCTYPE html PUBLIC "-//W3C//DTD XHTML 1.0 Transitional//EN"
    "http://www.w3.org/TR/xhtml1/DTD/xhtml1-transitional.dtd">
<html xmlns="http://www.w3.org/1999/xhtml" xml:lang="en" lang="en">
 <head>
  <title>
</title>
<meta http-equiv="Content-Type" content="text/html;charset=utf-8" />
  <meta name='ocr-system' content='tesseract 3.04.00' />
  <meta name='ocr-capabilities' content='ocr_page ocr_carea ocr_par ocr_line ocrx_word'/>
</head>
<body>
  <div class='ocr_page' id='page_1' title='image "./depoetarumscaen00menggoog_0060.png"; bbox 0 0 3796 5518; ppageno 0'>
   <div class='ocr_carea' id='block_1_1' title="bbox 824 397 1031 460">
    <p class='ocr_par' dir='ltr' id='par_1_1' title="bbox 824 397 1031 460">
     <span class='ocr_line' id='line_1_1' title="bbox 824 397 1031 460; baseline -0.005 -21"><span class='ocrx_word' id='word_1_1' title='bbox 824 397 1031 460; x_wconf 72' lang='lat'>..55-</span> 
     </span>
    </p>
   </div>
   <div class='ocr_carea' id='block_1_2' title="bbox 127 565 1733 4875">
    <p class='ocr_par' dir='ltr' id='par_1_2' title="bbox 172 565 1671 2202">
     <span class='ocr_line' id='line_1_2' title="bbox 199 565 1643 667; baseline 0.002 -18"><span class='ocrx_word' id='word_1_2' title='bbox 199 585 274 649; x_wconf 91' lang='lat' dir='ltr'><strong>dico</strong></span> <span class='ocrx_word' id='word_1_3' title='bbox 306 584 467 667; x_wconf 76' lang='grc' dir='ltr'><em>μηνίματα</em></span> <span class='ocrx_word' id='word_1_4' title='bbox 493 581 552 646; x_wconf 91' lang='lat' dir='ltr'><strong>Ph.</strong></span> <span class='ocrx_word' id='word_1_5' title='bbox 576 582 648 663; x_wconf 82' lang='lat'><strong>934,</strong></span> <span class='ocrx_word' id='word_1_6' title='bbox 695 565 898 662; x_wconf 80' lang='grc' dir='ltr'><strong><em>βακχεόμοτα</em></strong></span> <span class='ocrx_word' id='word_1_7' title='bbox 930 581 989 646; x_wconf 89' lang='lat' dir='ltr'><strong>Ba.</strong></span> <span class='ocrx_word' id='word_1_8' title='bbox 1012 583 1065 660; x_wconf 90' lang='lat'><strong>40,</strong></span> <span class='ocrx_word' id='word_1_9' title='bbox 1087 582 1161 664; x_wconf 89' lang='grc'><strong>311,</strong></span> <span class='ocrx_word' id='word_1_10' title='bbox 1200 581 1253 664; x_wconf 79' lang='lat' dir='ltr'><strong>al,</strong></span> <span class='ocrx_word' id='word_1_11' title='bbox 1278 581 1464 665; x_wconf 78' lang='grc' dir='ltr'><strong><em>μελλήματα</em></strong></span> <span class='ocrx_word' id='word_1_12' title='bbox 1496 585 1554 650; x_wconf 91' lang='lat' dir='ltr'><strong>IA.</strong></span> <span class='ocrx_word' id='word_1_13' title='bbox 1579 587 1643 652; x_wconf 88' lang='lat'><strong>818</strong></span> 
     </span>
     <span class='ocr_line' id='line_1_3' title="bbox 196 672 1638 773; baseline 0.003 -25"><span class='ocrx_word' id='word_1_14' title='bbox 196 682 363 770; x_wconf 87' lang='grc' dir='ltr'><strong><em>νοσήματα</em></strong></span> <span class='ocrx_word' id='word_1_15' title='bbox 384 685 437 749; x_wconf 81' lang='lat' dir='ltr'><strong>El.</strong></span> <span class='ocrx_word' id='word_1_16' title='bbox 461 684 523 750; x_wconf 91' lang='grc'><strong>656</strong></span> <span class='ocrx_word' id='word_1_17' title='bbox 558 672 624 766; x_wconf 82' lang='grc' dir='ltr'><strong><em>ήξει</em></strong></span> <span class='ocrx_word' id='word_1_18' title='bbox 651 679 787 746; x_wconf 79' lang='grc' dir='ltr'><strong><em>κλύουσα</em></strong></span> <span class='ocrx_word' id='word_1_19' title='bbox 820 677 913 760; x_wconf 89' lang='grc' dir='ltr'><strong><em>λόχιά</em></strong></span> <span class='ocrx_word' id='word_1_20' title='bbox 948 705 1013 763; x_wconf 95' lang='grc' dir='ltr'><strong>μου</strong></span> <span class='ocrx_word' id='word_1_21' title='bbox 1046 681 1221 767; x_wconf 91' lang='grc' dir='ltr'><strong><em>νοσήματα,</em></strong></span> <span class='ocrx_word' id='word_1_22' title='bbox 1256 706 1396 769; x_wconf 86' lang='lat' dir='ltr'><strong>quocum</strong></span> <span class='ocrx_word' id='word_1_23' title='bbox 1434 691 1638 773; x_wconf 86' lang='lat' dir='ltr'><strong>comparavit</strong></span> 
     </span>
     <span class='ocr_line' id='line_1_4' title="bbox 197 782 1646 876; baseline 0.002 -24"><span class='ocrx_word' id='word_1_24' title='bbox 197 787 360 876; x_wconf 80' lang='lat' dir='ltr'><strong>pluralem</strong></span> <span class='ocrx_word' id='word_1_25' title='bbox 395 782 484 848; x_wconf 83' lang='grc' dir='ltr'><strong><em>τόκοι</em></strong></span> <span class='ocrx_word' id='word_1_26' title='bbox 517 785 763 868; x_wconf 84' lang='lat' dir='ltr'><strong>Kummererus,</strong></span> <span class='ocrx_word' id='word_1_27' title='bbox 787 787 842 871; x_wconf 91' lang='lat' dir='ltr'><strong>qui</strong></span> <span class='ocrx_word' id='word_1_28' title='bbox 865 785 962 871; x_wconf 89' lang='lat' dir='ltr'><strong>plura</strong></span> <span class='ocrx_word' id='word_1_29' title='bbox 984 786 1079 849; x_wconf 88' lang='lat' dir='ltr'><strong>huius</strong></span> <span class='ocrx_word' id='word_1_30' title='bbox 1103 789 1234 868; x_wconf 80' lang='lat' dir='ltr'><strong>generis</strong></span> <span class='ocrx_word' id='word_1_31' title='bbox 1256 787 1376 867; x_wconf 89' lang='lat' dir='ltr'><strong>attulit,</strong></span> <span class='ocrx_word' id='word_1_32' title='bbox 1412 798 1443 852; x_wconf 88' lang='lat' dir='ltr'><strong>et</strong></span> <span class='ocrx_word' id='word_1_33' title='bbox 1465 813 1515 871; x_wconf 90' lang='lat' dir='ltr'><strong>ea,</strong></span> <span class='ocrx_word' id='word_1_34' title='bbox 1551 813 1646 876; x_wconf 88' lang='lat' dir='ltr'><strong>quae-</strong></span> 
     </span>
     <span class='ocr_line' id='line_1_5' title="bbox 198 883 1646 974; baseline 0.001 -20"><span class='ocrx_word' id='word_1_35' title='bbox 198 892 315 956; x_wconf 86' lang='lat' dir='ltr'><strong>aetatis</strong></span> <span class='ocrx_word' id='word_1_36' title='bbox 336 891 476 974; x_wconf 90' lang='lat' dir='ltr'><strong>spatium</strong></span> <span class='ocrx_word' id='word_1_37' title='bbox 505 887 674 974; x_wconf 82' lang='lat' dir='ltr'><strong>quoddam</strong></span> <span class='ocrx_word' id='word_1_38' title='bbox 708 888 902 972; x_wconf 84' lang='lat' dir='ltr'><strong>significant,</strong></span> <span class='ocrx_word' id='word_1_39' title='bbox 937 900 972 952; x_wconf 91' lang='lat' dir='ltr'><strong>ut</strong></span> <span class='ocrx_word' id='word_1_40' title='bbox 1009 883 1187 968; x_wconf 85' lang='grc' dir='ltr'><strong><em>κορεόματα</em></strong></span> <span class='ocrx_word' id='word_1_41' title='bbox 1208 888 1262 954; x_wconf 90' lang='lat' dir='ltr'><strong>Al.</strong></span> <span class='ocrx_word' id='word_1_42' title='bbox 1288 891 1359 972; x_wconf 92' lang='grc'><strong>118,</strong></span> <span class='ocrx_word' id='word_1_43' title='bbox 1390 889 1646 974; x_wconf 76' lang='grc' dir='ltr'><strong><em>παρθενεύματα.</em></strong></span> 
     </span>
     <span class='ocr_line' id='line_1_6' title="bbox 197 989 1641 1081; baseline 0.001 -24"><span class='ocrx_word' id='word_1_44' title='bbox 197 992 255 1060; x_wconf 82' lang='lat' dir='ltr'><strong>Pla</strong></span> <span class='ocrx_word' id='word_1_45' title='bbox 282 993 374 1074; x_wconf 95' lang='grc'><strong>1265,</strong></span> <span class='ocrx_word' id='word_1_46' title='bbox 415 1013 479 1075; x_wconf 91' lang='lat' dir='ltr'><strong>quo</strong></span> <span class='ocrx_word' id='word_1_47' title='bbox 503 991 544 1056; x_wconf 89' lang='lat' dir='ltr'><strong>de</strong></span> <span class='ocrx_word' id='word_1_48' title='bbox 581 1002 722 1075; x_wconf 85' lang='lat' dir='ltr'><strong>utroque</strong></span> <span class='ocrx_word' id='word_1_49' title='bbox 758 992 888 1055; x_wconf 87' lang='lat' dir='ltr'><strong>nomine</strong></span> <span class='ocrx_word' id='word_1_50' title='bbox 924 990 1009 1054; x_wconf 88' lang='lat' dir='ltr'><strong>inlra</strong></span> <span class='ocrx_word' id='word_1_51' title='bbox 1047 989 1272 1056; x_wconf 88' lang='lat' dir='ltr'><strong>disserendum</strong></span> <span class='ocrx_word' id='word_1_52' title='bbox 1310 993 1388 1058; x_wconf 92' lang='lat' dir='ltr'><strong>mihi</strong></span> <span class='ocrx_word' id='word_1_53' title='bbox 1425 995 1498 1061; x_wconf 88' lang='lat' dir='ltr'><strong>erit.</strong></span> <span class='ocrx_word' id='word_1_54' title='bbox 1541 995 1641 1081; x_wconf 90' lang='lat' dir='ltr'>Apud</span> 
     </span>
     <span class='ocr_line' id='line_1_7' title="bbox 197 1092 1640 1185; baseline 0.003 -27"><span class='ocrx_word' id='word_1_55' title='bbox 197 1095 394 1180; x_wconf 74' lang='lat' dir='ltr'>Sophoclem</span> <span class='ocrx_word' id='word_1_56' title='bbox 415 1103 535 1175; x_wconf 88' lang='lat' dir='ltr'><strong>autem,</strong></span> <span class='ocrx_word' id='word_1_57' title='bbox 558 1096 614 1178; x_wconf 89' lang='lat' dir='ltr'><strong>qui</strong></span> <span class='ocrx_word' id='word_1_58' title='bbox 637 1096 766 1158; x_wconf 91' lang='lat' dir='ltr'><strong>omnino</strong></span> <span class='ocrx_word' id='word_1_59' title='bbox 789 1093 950 1178; x_wconf 81' lang='lat' dir='ltr'><strong>pluralem</strong></span> <span class='ocrx_word' id='word_1_60' title='bbox 966 1115 1027 1179; x_wconf 85' lang='lat' dir='ltr'><strong>pro</strong></span> <span class='ocrx_word' id='word_1_61' title='bbox 1044 1092 1200 1177; x_wconf 82' lang='lat' dir='ltr'><strong>singulari</strong></span> <span class='ocrx_word' id='word_1_62' title='bbox 1217 1097 1357 1178; x_wconf 91' lang='lat' dir='ltr'><strong>positum</strong></span> <span class='ocrx_word' id='word_1_63' title='bbox 1380 1118 1443 1160; x_wconf 92' lang='lat' dir='ltr'><strong>non</strong></span> <span class='ocrx_word' id='word_1_64' title='bbox 1467 1106 1640 1185; x_wconf 82' lang='lat' dir='ltr'><strong>tantopere</strong></span> 
     </span>
     <span class='ocr_line' id='line_1_8' title="bbox 200 1195 1671 1282; baseline 0.005 -21"><span class='ocrx_word' id='word_1_65' title='bbox 200 1197 386 1277; x_wconf 87' lang='lat' dir='ltr'><strong>adamabat,</strong></span> <span class='ocrx_word' id='word_1_66' title='bbox 407 1218 522 1260; x_wconf 88' lang='lat' dir='ltr'><strong>verum</strong></span> <span class='ocrx_word' id='word_1_67' title='bbox 545 1195 630 1261; x_wconf 87' lang='lat' dir='ltr'><strong>bunc</strong></span> <span class='ocrx_word' id='word_1_68' title='bbox 652 1196 814 1282; x_wconf 80' lang='lat' dir='ltr'><strong>pluralem</strong></span> <span class='ocrx_word' id='word_1_69' title='bbox 838 1219 909 1260; x_wconf 88' lang='lat' dir='ltr'><strong>esse</strong></span> <span class='ocrx_word' id='word_1_70' title='bbox 932 1197 1037 1279; x_wconf 86' lang='lat' dir='ltr'><strong>magis</strong></span> <span class='ocrx_word' id='word_1_71' title='bbox 1060 1199 1158 1260; x_wconf 86' lang='lat' dir='ltr'><strong>etiam</strong></span> <span class='ocrx_word' id='word_1_72' title='bbox 1181 1209 1317 1280; x_wconf 89' lang='lat' dir='ltr'><strong>apparet</strong></span> <span class='ocrx_word' id='word_1_73' title='bbox 1339 1199 1488 1263; x_wconf 82' lang='lat' dir='ltr'><strong>versibus</strong></span> <span class='ocrx_word' id='word_1_74' title='bbox 1511 1200 1561 1267; x_wconf 87' lang='lat' dir='ltr'><strong>El.</strong></span> <span class='ocrx_word' id='word_1_75' title='bbox 1577 1201 1642 1266; x_wconf 88' lang='grc'><strong>494</strong></span> <span class='ocrx_word' id='word_1_76' title='bbox 1668 1265 1671 1270; x_wconf 90' lang='grc'><strong>,</strong></span> 
     </span>
     <span class='ocr_line' id='line_1_9' title="bbox 198 1288 1639 1383; baseline 0.003 -21"><span class='ocrx_word' id='word_1_77' title='bbox 198 1289 324 1379; x_wconf 75' lang='grc' dir='ltr'><strong><em>ἄλεκτρ’</em></strong></span> <span class='ocrx_word' id='word_1_78' title='bbox 346 1293 475 1379; x_wconf 83' lang='grc' dir='ltr'><strong><em>ἄνυμφα</em></strong></span> <span class='ocrx_word' id='word_1_79' title='bbox 503 1294 562 1378; x_wconf 82' lang='grc' dir='ltr'><strong>γὰρ</strong></span> <span class='ocrx_word' id='word_1_80' title='bbox 586 1293 686 1380; x_wconf 76' lang='grc' dir='ltr'><strong><em>ἐπέβα</em></strong></span> <span class='ocrx_word' id='word_1_81' title='bbox 707 1295 888 1381; x_wconf 82' lang='grc' dir='ltr'><strong><em>μιαιφόνων</em></strong></span> <span class='ocrx_word' id='word_1_82' title='bbox 910 1296 1020 1378; x_wconf 83' lang='grc' dir='ltr'><strong><em>γάμων</em></strong></span> <span class='ocrx_word' id='word_1_83' title='bbox 1041 1289 1239 1380; x_wconf 79' lang='grc' dir='ltr'><strong><em>άμιλλήμα3·’</em></strong></span> <span class='ocrx_word' id='word_1_84' title='bbox 1269 1288 1351 1362; x_wconf 87' lang='grc' dir='ltr'><strong><em>οἷσιν</em></strong></span> <span class='ocrx_word' id='word_1_85' title='bbox 1380 1292 1417 1362; x_wconf 78' lang='grc' dir='ltr'><strong>οὐ</strong></span> <span class='ocrx_word' id='word_1_86' title='bbox 1444 1303 1639 1383; x_wconf 79' lang='grc' dir='ltr'><strong><em>θέμις;Ἀττ.</em></strong></span> 
     </span>
     <span class='ocr_line' id='line_1_10' title="bbox 172 1392 1645 1485; baseline -0.001 -17"><span class='ocrx_word' id='word_1_87' title='bbox 172 1403 255 1468; x_wconf 83' lang='grc'><strong>’864</strong></span> <span class='ocrx_word' id='word_1_88' title='bbox 288 1397 325 1464; x_wconf 79' lang='grc' dir='ltr'><strong>ἰώ</strong></span> <span class='ocrx_word' id='word_1_89' title='bbox 356 1399 500 1485; x_wconf 75' lang='grc' dir='ltr'><strong><em>ματρῷαι</em></strong></span> <span class='ocrx_word' id='word_1_90' title='bbox 541 1399 678 1480; x_wconf 77' lang='grc' dir='ltr'><strong><em>λέκτρων</em></strong></span> <span class='ocrx_word' id='word_1_91' title='bbox 707 1392 782 1464; x_wconf 75' lang='lat' dir='ltr'><strong>drus</strong></span> <span class='ocrx_word' id='word_1_92' title='bbox 814 1397 1000 1482; x_wconf 86' lang='grc' dir='ltr'><strong><em>κοιμήματά·</em></strong></span> <span class='ocrx_word' id='word_1_93' title='bbox 1024 1397 1052 1462; x_wconf 74' lang='grc' dir='ltr'><strong><em>τ’</em></strong></span> <span class='ocrx_word' id='word_1_94' title='bbox 1091 1394 1312 1484; x_wconf 81' lang='grc' dir='ltr'><strong><em>αᾶτοχὲννητα,</em></strong></span> <span class='ocrx_word' id='word_1_95' title='bbox 1336 1403 1391 1469; x_wconf 87' lang='lat' dir='ltr'><strong>Tr.</strong></span> <span class='ocrx_word' id='word_1_96' title='bbox 1415 1404 1476 1468; x_wconf 89' lang='grc'><strong>351</strong></span> <span class='ocrx_word' id='word_1_97' title='bbox 1501 1395 1539 1466; x_wconf 78' lang='grc' dir='ltr'><strong>οὗ</strong></span> <span class='ocrx_word' id='word_1_98' title='bbox 1560 1399 1645 1480; x_wconf 78' lang='grc' dir='ltr'><strong>τάττὶΙ</strong></span> 
     </span>
     <span class='ocr_line' id='line_1_11' title="bbox 196 1493 1639 1592; baseline 0.004 -26"><span class='ocrx_word' id='word_1_99' title='bbox 196 1505 326 1573; x_wconf 88' lang='grc' dir='ltr'><strong><em>Λυδοῖς</em></strong></span> <span class='ocrx_word' id='word_1_100' title='bbox 348 1494 495 1566; x_wconf 75' lang='grc' dir='ltr'><strong><em>οὐδάμ’</em></strong></span> <span class='ocrx_word' id='word_1_101' title='bbox 524 1493 674 1589; x_wconf 72' lang='grc' dir='ltr'><strong><em>Ὀμφάλη</em></strong></span> <span class='ocrx_word' id='word_1_102' title='bbox 704 1500 818 1566; x_wconf 86' lang='grc' dir='ltr'><strong><em>πόνων</em></strong></span> <span class='ocrx_word' id='word_1_103' title='bbox 852 1500 1060 1582; x_wconf 81' lang='grc' dir='ltr'><strong><em>λατρεύματα,</em></strong></span> <span class='ocrx_word' id='word_1_104' title='bbox 1116 1503 1242 1568; x_wconf 83' lang='lat' dir='ltr'><strong>Eodem</strong></span> <span class='ocrx_word' id='word_1_105' title='bbox 1278 1506 1377 1570; x_wconf 91' lang='lat' dir='ltr'><strong>modo</strong></span> <span class='ocrx_word' id='word_1_106' title='bbox 1412 1508 1639 1592; x_wconf 85' lang='lat' dir='ltr'><strong>accipiendum</strong></span> 
     </span>
     <span class='ocr_line' id='line_1_12' title="bbox 195 1595 1650 1694; baseline 0.001 -24"><span class='ocrx_word' id='word_1_107' title='bbox 195 1620 254 1686; x_wconf 90' lang='lat' dir='ltr'><strong>est,</strong></span> <span class='ocrx_word' id='word_1_108' title='bbox 277 1605 364 1692; x_wconf 92' lang='lat' dir='ltr'><strong>quod</strong></span> <span class='ocrx_word' id='word_1_109' title='bbox 386 1606 524 1690; x_wconf 83' lang='lat' dir='ltr'><strong>legimus</strong></span> <span class='ocrx_word' id='word_1_110' title='bbox 558 1607 610 1672; x_wconf 81' lang='lat' dir='ltr'><strong>Ar.</strong></span> <span class='ocrx_word' id='word_1_111' title='bbox 648 1607 711 1672; x_wconf 85' lang='lat'><strong>338</strong></span> <span class='ocrx_word' id='word_1_112' title='bbox 744 1600 825 1689; x_wconf 84' lang='grc' dir='ltr'><strong><em>ἁνήρ</em></strong></span> <span class='ocrx_word' id='word_1_113' title='bbox 856 1601 958 1669; x_wconf 77' lang='grc' dir='ltr'><strong><em>ἔοικεν</em></strong></span> <span class='ocrx_word' id='word_1_114' title='bbox 991 1597 1013 1688; x_wconf 87' lang='grc' dir='ltr'><strong><em>ή</em></strong></span> <span class='ocrx_word' id='word_1_115' title='bbox 1046 1613 1153 1668; x_wconf 82' lang='grc' dir='ltr'><em>νοσεῖν</em></span> <span class='ocrx_word' id='word_1_116' title='bbox 1184 1595 1205 1688; x_wconf 87' lang='grc' dir='ltr'><strong><em>ή</em></strong></span> <span class='ocrx_word' id='word_1_117' title='bbox 1238 1612 1304 1675; x_wconf 87' lang='grc' dir='ltr'><strong><em>τοῖς</em></strong></span> <span class='ocrx_word' id='word_1_118' title='bbox 1337 1607 1439 1670; x_wconf 83' lang='grc' dir='ltr'><strong><em>πάλαι</em></strong></span> <span class='ocrx_word' id='word_1_119' title='bbox 1475 1605 1650 1694; x_wconf 68' lang='grc' dir='ltr'><strong><em>νοσήμασι,</em></strong></span> 
     </span>
     <span class='ocr_line' id='line_1_13' title="bbox 198 1703 1639 1797; baseline 0.004 -26"><span class='ocrx_word' id='word_1_120' title='bbox 198 1709 327 1779; x_wconf 84' lang='grc' dir='ltr'><strong><em>ξυνοῦσι</em></strong></span> <span class='ocrx_word' id='word_1_121' title='bbox 355 1708 533 1772; x_wconf 72' lang='grc' dir='ltr'><strong><em>λυπεῖσθαι</em></strong></span> <span class='ocrx_word' id='word_1_122' title='bbox 561 1703 684 1791; x_wconf 85' lang='grc' dir='ltr'><strong><em>τταρων,</em></strong></span> <span class='ocrx_word' id='word_1_123' title='bbox 724 1731 923 1794; x_wconf 86' lang='lat' dir='ltr'><strong>quamquam</strong></span> <span class='ocrx_word' id='word_1_124' title='bbox 959 1707 1139 1796; x_wconf 84' lang='lat' dir='ltr'><strong>Sophocles</strong></span> <span class='ocrx_word' id='word_1_125' title='bbox 1172 1711 1289 1774; x_wconf 86' lang='lat' dir='ltr'><strong>ceteris</strong></span> <span class='ocrx_word' id='word_1_126' title='bbox 1323 1711 1404 1775; x_wconf 89' lang='lat' dir='ltr'><strong>locis</strong></span> <span class='ocrx_word' id='word_1_127' title='bbox 1441 1711 1639 1797; x_wconf 83' lang='lat' dir='ltr'><strong>singularem</strong></span> 
     </span>
     <span class='ocr_line' id='line_1_14' title="bbox 196 1807 1642 1897; baseline 0.006 -23"><span class='ocrx_word' id='word_1_128' title='bbox 196 1807 334 1895; x_wconf 89' lang='grc' dir='ltr'><strong><em>νόσημα,</em></strong></span> <span class='ocrx_word' id='word_1_129' title='bbox 357 1833 421 1875; x_wconf 91' lang='lat' dir='ltr'><strong>non</strong></span> <span class='ocrx_word' id='word_1_130' title='bbox 448 1810 611 1896; x_wconf 86' lang='lat' dir='ltr'><strong>pluralem</strong></span> <span class='ocrx_word' id='word_1_131' title='bbox 634 1833 796 1896; x_wconf 86' lang='lat' dir='ltr'><strong>usurpare</strong></span> <span class='ocrx_word' id='word_1_132' title='bbox 820 1810 955 1876; x_wconf 81' lang='lat' dir='ltr'><strong>solebat.</strong></span> <span class='ocrx_word' id='word_1_133' title='bbox 1003 1811 1195 1897; x_wconf 81' lang='lat' dir='ltr'><strong>Comparari</strong></span> <span class='ocrx_word' id='word_1_134' title='bbox 1211 1821 1319 1876; x_wconf 88' lang='lat' dir='ltr'><strong>autem</strong></span> <span class='ocrx_word' id='word_1_135' title='bbox 1334 1823 1471 1897; x_wconf 85' lang='lat' dir='ltr'><strong>possunt</strong></span> <span class='ocrx_word' id='word_1_136' title='bbox 1487 1837 1561 1878; x_wconf 91' lang='lat' dir='ltr'><strong>cnm</strong></span> <span class='ocrx_word' id='word_1_137' title='bbox 1577 1815 1642 1884; x_wconf 80' lang='lat' dir='ltr'><strong>hoe</strong></span> 
     </span>
     <span class='ocr_line' id='line_1_15' title="bbox 198 1910 1638 2003; baseline 0.002 -24"><span class='ocrx_word' id='word_1_138' title='bbox 198 1915 270 1979; x_wconf 88' lang='lat' dir='ltr'><strong>loco</strong></span> <span class='ocrx_word' id='word_1_139' title='bbox 294 1915 424 1979; x_wconf 88' lang='lat' dir='ltr'><strong>nomina</strong></span> <span class='ocrx_word' id='word_1_140' title='bbox 445 1910 611 1996; x_wconf 88' lang='grc' dir='ltr'><strong><em>νοσήματα</em></strong></span> <span class='ocrx_word' id='word_1_141' title='bbox 634 1927 667 1978; x_wconf 89' lang='lat' dir='ltr'><strong>et</strong></span> <span class='ocrx_word' id='word_1_142' title='bbox 688 1910 886 1996; x_wconf 85' lang='grc' dir='ltr'><strong><em>λυσσήματα,</em></strong></span> <span class='ocrx_word' id='word_1_143' title='bbox 910 1936 993 1999; x_wconf 88' lang='lat' dir='ltr'><strong>quae</strong></span> <span class='ocrx_word' id='word_1_144' title='bbox 1016 1913 1155 1998; x_wconf 86' lang='lat' dir='ltr'><strong>legimus</strong></span> <span class='ocrx_word' id='word_1_145' title='bbox 1177 1912 1266 1998; x_wconf 88' lang='lat' dir='ltr'><strong>apud</strong></span> <span class='ocrx_word' id='word_1_146' title='bbox 1280 1915 1470 2003; x_wconf 83' lang='lat' dir='ltr'><strong>Euripidem</strong></span> <span class='ocrx_word' id='word_1_147' title='bbox 1493 1917 1545 1982; x_wconf 88' lang='lat' dir='ltr'><strong>El.</strong></span> <span class='ocrx_word' id='word_1_148' title='bbox 1565 1918 1638 1997; x_wconf 90' lang='grc'><strong>656,</strong></span> 
     </span>
     <span class='ocr_line' id='line_1_16' title="bbox 197 2015 1638 2104; baseline 0.001 -23"><span class='ocrx_word' id='word_1_149' title='bbox 197 2015 254 2082; x_wconf 91' lang='lat' dir='ltr'><strong>Or.</strong></span> <span class='ocrx_word' id='word_1_150' title='bbox 278 2018 350 2098; x_wconf 94' lang='grc'><strong>210,</strong></span> <span class='ocrx_word' id='word_1_151' title='bbox 375 2025 407 2080; x_wconf 88' lang='lat' dir='ltr'><strong>et</strong></span> <span class='ocrx_word' id='word_1_152' title='bbox 429 2017 575 2081; x_wconf 88' lang='lat' dir='ltr'><strong>Atticum</strong></span> <span class='ocrx_word' id='word_1_153' title='bbox 597 2015 690 2097; x_wconf 89' lang='lat' dir='ltr'><strong>illud,</strong></span> <span class='ocrx_word' id='word_1_154' title='bbox 715 2017 755 2081; x_wconf 88' lang='lat' dir='ltr'><strong>de</strong></span> <span class='ocrx_word' id='word_1_155' title='bbox 780 2037 844 2100; x_wconf 91' lang='lat' dir='ltr'><strong>quo</strong></span> <span class='ocrx_word' id='word_1_156' title='bbox 868 2037 967 2101; x_wconf 89' lang='lat' dir='ltr'><strong>supra</strong></span> <span class='ocrx_word' id='word_1_157' title='bbox 998 2016 1076 2096; x_wconf 84' lang='lat' dir='ltr'><strong>dixi,</strong></span> <span class='ocrx_word' id='word_1_158' title='bbox 1110 2019 1229 2097; x_wconf 84' lang='grc' dir='ltr'><strong><em>μανίαι,</em></strong></span> <span class='ocrx_word' id='word_1_159' title='bbox 1264 2027 1296 2078; x_wconf 87' lang='lat' dir='ltr'><strong>et</strong></span> <span class='ocrx_word' id='word_1_160' title='bbox 1328 2028 1510 2102; x_wconf 88' lang='lat' dir='ltr'><strong>praeterea,</strong></span> <span class='ocrx_word' id='word_1_161' title='bbox 1549 2018 1638 2104; x_wconf 92' lang='lat' dir='ltr'><strong>quod</strong></span> 
     </span>
     <span class='ocr_line' id='line_1_17' title="bbox 197 2113 1641 2202; baseline -0.004 -18"><span class='ocrx_word' id='word_1_162' title='bbox 197 2119 337 2202; x_wconf 87' lang='lat' dir='ltr'><strong>legimus</strong></span> <span class='ocrx_word' id='word_1_163' title='bbox 358 2119 411 2185; x_wconf 90' lang='lat' dir='ltr'><strong>Ai.</strong></span> <span class='ocrx_word' id='word_1_164' title='bbox 435 2119 491 2188; x_wconf 87' lang='grc'><strong>59,</strong></span> <span class='ocrx_word' id='word_1_165' title='bbox 514 2113 661 2198; x_wconf 79' lang='grc' dir='ltr'><strong><em>φοιτῶντ’</em></strong></span> <span class='ocrx_word' id='word_1_166' title='bbox 684 2113 786 2201; x_wconf 86' lang='grc' dir='ltr'><strong><em>ἄνδρα</em></strong></span> <span class='ocrx_word' id='word_1_167' title='bbox 807 2114 958 2197; x_wconf 82' lang='grc' dir='ltr'><strong><em>μανιάσιν</em></strong></span> <span class='ocrx_word' id='word_1_168' title='bbox 977 2115 1093 2189; x_wconf 89' lang='grc' dir='ltr'><strong><em>νόσοις.</em></strong></span> <span class='ocrx_word' id='word_1_169' title='bbox 1639 2191 1641 2196; x_wconf 23' lang='grc' dir='ltr'>Ι</span> 
     </span>
    </p>

    <p class='ocr_par' dir='ltr' id='par_1_3' title="bbox 127 2221 1733 4154">
     <span class='ocr_line' id='line_1_18' title="bbox 301 2221 1640 2306; baseline 0.003 -22"><span class='ocrx_word' id='word_1_170' title='bbox 301 2221 425 2285; x_wconf 83' lang='lat' dir='ltr'><strong>Florum</strong></span> <span class='ocrx_word' id='word_1_171' title='bbox 468 2242 604 2306; x_wconf 84' lang='lat' dir='ltr'><strong>quoque</strong></span> <span class='ocrx_word' id='word_1_172' title='bbox 648 2223 824 2304; x_wconf 86' lang='lat' dir='ltr'><strong>nominum,</strong></span> <span class='ocrx_word' id='word_1_173' title='bbox 876 2243 959 2306; x_wconf 88' lang='lat' dir='ltr'><strong>quae</strong></span> <span class='ocrx_word' id='word_1_174' title='bbox 998 2245 1017 2284; x_wconf 86' lang='lat' dir='ltr'><strong>a</strong></span> <span class='ocrx_word' id='word_1_175' title='bbox 1055 2223 1164 2285; x_wconf 89' lang='lat' dir='ltr'><strong>verbis</strong></span> <span class='ocrx_word' id='word_1_176' title='bbox 1201 2224 1380 2288; x_wconf 73' lang='lat' dir='ltr'><strong>transitivis</strong></span> <span class='ocrx_word' id='word_1_177' title='bbox 1417 2222 1516 2288; x_wconf 89' lang='lat' dir='ltr'><strong>ducta</strong></span> <span class='ocrx_word' id='word_1_178' title='bbox 1554 2236 1640 2306; x_wconf 91' lang='lat' dir='ltr'><strong>sunt,</strong></span> 
     </span>
     <span class='ocr_line' id='line_1_19' title="bbox 195 2322 1639 2411; baseline 0.003 -24"><span class='ocrx_word' id='word_1_179' title='bbox 195 2324 351 2388; x_wconf 90' lang='lat' dir='ltr'><strong>nonnulla</strong></span> <span class='ocrx_word' id='word_1_180' title='bbox 388 2324 561 2411; x_wconf 88' lang='lat' dir='ltr'><strong>pluraliter</strong></span> <span class='ocrx_word' id='word_1_181' title='bbox 595 2325 849 2409; x_wconf 88' lang='lat' dir='ltr'><strong>usurpabantur,</strong></span> <span class='ocrx_word' id='word_1_182' title='bbox 892 2326 951 2388; x_wconf 88' lang='lat' dir='ltr'><strong>elsi</strong></span> <span class='ocrx_word' id='word_1_183' title='bbox 989 2322 1192 2408; x_wconf 84' lang='lat' dir='ltr'><strong>significatus</strong></span> <span class='ocrx_word' id='word_1_184' title='bbox 1227 2346 1339 2389; x_wconf 89' lang='lat' dir='ltr'><strong>eorum</strong></span> <span class='ocrx_word' id='word_1_185' title='bbox 1377 2325 1558 2391; x_wconf 80' lang='lat' dir='ltr'><strong>accedebat</strong></span> <span class='ocrx_word' id='word_1_186' title='bbox 1597 2327 1639 2392; x_wconf 90' lang='lat' dir='ltr'><strong>ad</strong></span> 
     </span>
     <span class='ocr_line' id='line_1_20' title="bbox 196 2426 1640 2514; baseline 0.002 -25"><span class='ocrx_word' id='word_1_187' title='bbox 196 2426 391 2490; x_wconf 89' lang='lat' dir='ltr'><strong>infinitivum</strong></span> <span class='ocrx_word' id='word_1_188' title='bbox 429 2429 607 2512; x_wconf 88' lang='lat' dir='ltr'><strong>passivum.</strong></span> <span class='ocrx_word' id='word_1_189' title='bbox 675 2426 843 2510; x_wconf 85' lang='lat' dir='ltr'><strong>Analogia</strong></span> <span class='ocrx_word' id='word_1_190' title='bbox 881 2441 990 2492; x_wconf 88' lang='lat' dir='ltr'><strong>autem</strong></span> <span class='ocrx_word' id='word_1_191' title='bbox 1026 2427 1106 2492; x_wconf 87' lang='lat' dir='ltr'><strong>haec</strong></span> <span class='ocrx_word' id='word_1_192' title='bbox 1142 2429 1249 2492; x_wconf 92' lang='lat' dir='ltr'><strong>omnia</strong></span> <span class='ocrx_word' id='word_1_193' title='bbox 1286 2427 1382 2492; x_wconf 85' lang='lat' dir='ltr'><strong>facile</strong></span> <span class='ocrx_word' id='word_1_194' title='bbox 1420 2429 1640 2514; x_wconf 73' lang='lat' dir='ltr'><strong>explicantur,</strong></span> 
     </span>
     <span class='ocr_line' id='line_1_21' title="bbox 195 2528 1639 2617; baseline 0.004 -27"><span class='ocrx_word' id='word_1_195' title='bbox 195 2530 353 2614; x_wconf 83' lang='lat' dir='ltr'><strong>imprimis</strong></span> <span class='ocrx_word' id='word_1_196' title='bbox 382 2531 521 2593; x_wconf 88' lang='lat' dir='ltr'><strong>nominis</strong></span> <span class='ocrx_word' id='word_1_197' title='bbox 550 2529 655 2611; x_wconf 84' lang='grc' dir='ltr'><strong><em>γάμοι,</em></strong></span> <span class='ocrx_word' id='word_1_198' title='bbox 691 2528 779 2614; x_wconf 89' lang='lat' dir='ltr'><strong>quod</strong></span> <span class='ocrx_word' id='word_1_199' title='bbox 810 2540 859 2592; x_wconf 87' lang='lat' dir='ltr'><strong>cst</strong></span> <span class='ocrx_word' id='word_1_200' title='bbox 889 2531 1136 2596; x_wconf 89' lang='lat' dir='ltr'><strong>matrimonium.</strong></span> <span class='ocrx_word' id='word_1_201' title='bbox 1181 2530 1367 2615; x_wconf 81' lang='lat' dir='ltr'><strong>Aeschylus</strong></span> <span class='ocrx_word' id='word_1_202' title='bbox 1397 2532 1529 2617; x_wconf 84' lang='lat' dir='ltr'><strong>quidem</strong></span> <span class='ocrx_word' id='word_1_203' title='bbox 1560 2531 1639 2596; x_wconf 85' lang='lat' dir='ltr'><strong>talia</strong></span> 
     </span>
     <span class='ocr_line' id='line_1_22' title="bbox 196 2623 1640 2718; baseline 0.001 -24"><span class='ocrx_word' id='word_1_204' title='bbox 196 2631 295 2717; x_wconf 87' lang='lat' dir='ltr'><strong>plane</strong></span> <span class='ocrx_word' id='word_1_205' title='bbox 317 2631 499 2714; x_wconf 84' lang='lat' dir='ltr'><strong>ignorabat,</strong></span> <span class='ocrx_word' id='word_1_206' title='bbox 538 2631 718 2716; x_wconf 87' lang='lat' dir='ltr'><strong>Sophocles</strong></span> <span class='ocrx_word' id='word_1_207' title='bbox 742 2641 850 2695; x_wconf 88' lang='lat' dir='ltr'><strong>autem</strong></span> <span class='ocrx_word' id='word_1_208' title='bbox 872 2634 1002 2718; x_wconf 89' lang='lat' dir='ltr'><strong>scripsit</strong></span> <span class='ocrx_word' id='word_1_209' title='bbox 1030 2631 1100 2697; x_wconf 86' lang='lat' dir='ltr'><strong>OT.</strong></span> <span class='ocrx_word' id='word_1_210' title='bbox 1124 2633 1188 2698; x_wconf 83' lang='lat'><strong>980</strong></span> <span class='ocrx_word' id='word_1_211' title='bbox 1210 2629 1250 2693; x_wconf 80' lang='grc' dir='ltr'><strong>σὺ</strong></span> <span class='ocrx_word' id='word_1_212' title='bbox 1273 2623 1302 2701; x_wconf 75' lang='grc' dir='ltr'><strong>δ’</strong></span> <span class='ocrx_word' id='word_1_213' title='bbox 1324 2630 1369 2702; x_wconf 87' lang='grc' dir='ltr'><strong>εἰς</strong></span> <span class='ocrx_word' id='word_1_214' title='bbox 1390 2634 1429 2695; x_wconf 82' lang='grc' dir='ltr'><strong><em>τὰ</em></strong></span> <span class='ocrx_word' id='word_1_215' title='bbox 1451 2628 1573 2716; x_wconf 84' lang='grc' dir='ltr'><strong><em>μητρός</em></strong></span> <span class='ocrx_word' id='word_1_216' title='bbox 1594 2628 1640 2716; x_wconf 91' lang='grc' dir='ltr'><strong>μή</strong></span> 
     </span>
     <span class='ocr_line' id='line_1_23' title="bbox 196 2727 1638 2822; baseline 0.001 -25"><span class='ocrx_word' id='word_1_217' title='bbox 196 2735 301 2817; x_wconf 78' lang='grc' dir='ltr'><strong><em>φοβοῦ</em></strong></span> <span class='ocrx_word' id='word_1_218' title='bbox 324 2733 543 2816; x_wconf 76' lang='grc' dir='ltr'><strong><em>νυμφεύματα.</em></strong></span> <span class='ocrx_word' id='word_1_219' title='bbox 591 2736 765 2822; x_wconf 80' lang='lat' dir='ltr'><strong>Euripides</strong></span> <span class='ocrx_word' id='word_1_220' title='bbox 788 2748 820 2800; x_wconf 90' lang='lat' dir='ltr'><strong>et</strong></span> <span class='ocrx_word' id='word_1_221' title='bbox 843 2735 904 2801; x_wconf 91' lang='lat' dir='ltr'><strong>hoc</strong></span> <span class='ocrx_word' id='word_1_222' title='bbox 927 2749 960 2801; x_wconf 88' lang='lat' dir='ltr'><strong>et</strong></span> <span class='ocrx_word' id='word_1_223' title='bbox 984 2737 1048 2800; x_wconf 88' lang='lat' dir='ltr'><strong>alia</strong></span> <span class='ocrx_word' id='word_1_224' title='bbox 1071 2738 1226 2822; x_wconf 87' lang='lat' dir='ltr'><strong>praebet:</strong></span> <span class='ocrx_word' id='word_1_225' title='bbox 1251 2727 1373 2804; x_wconf 85' lang='grc' dir='ltr'><strong><em>παλαιά</em></strong></span> <span class='ocrx_word' id='word_1_226' title='bbox 1393 2736 1512 2797; x_wconf 85' lang='grc' dir='ltr'><strong><em>καινῶν</em></strong></span> <span class='ocrx_word' id='word_1_227' title='bbox 1533 2735 1638 2798; x_wconf 90' lang='grc' dir='ltr'><strong><em>λείττε-</em></strong></span> 
     </span>
     <span class='ocr_line' id='line_1_24' title="bbox 197 2837 1637 2922; baseline 0.003 -24"><span class='ocrx_word' id='word_1_228' title='bbox 197 2858 248 2898; x_wconf 86' lang='grc' dir='ltr'><strong><em>ται</em></strong></span> <span class='ocrx_word' id='word_1_229' title='bbox 275 2837 483 2921; x_wconf 81' lang='grc' dir='ltr'><strong><em>κηδευμάτων</em></strong></span> <span class='ocrx_word' id='word_1_230' title='bbox 512 2840 576 2903; x_wconf 86' lang='grc' dir='ltr'><strong>Μο.</strong></span> <span class='ocrx_word' id='word_1_231' title='bbox 608 2839 657 2922; x_wconf 93' lang='grc'><strong>16,</strong></span> <span class='ocrx_word' id='word_1_232' title='bbox 686 2837 901 2918; x_wconf 79' lang='grc' dir='ltr'><strong><em>νυμφεύματα</em></strong></span> <span class='ocrx_word' id='word_1_233' title='bbox 920 2838 972 2905; x_wconf 88' lang='lat' dir='ltr'><strong>El.</strong></span> <span class='ocrx_word' id='word_1_234' title='bbox 998 2841 1089 2921; x_wconf 89' lang='grc'><strong>1261,</strong></span> <span class='ocrx_word' id='word_1_235' title='bbox 1125 2837 1182 2903; x_wconf 85' lang='grc' dir='ltr'><strong>ΙΤ.</strong></span> <span class='ocrx_word' id='word_1_236' title='bbox 1206 2841 1279 2920; x_wconf 88' lang='grc'><strong>365,</strong></span> <span class='ocrx_word' id='word_1_237' title='bbox 1315 2839 1470 2910; x_wconf 63' lang='grc'><strong>14832,</strong></span> <span class='ocrx_word' id='word_1_238' title='bbox 1498 2839 1563 2912; x_wconf 83' lang='lat' dir='ltr'><strong>Am</strong></span> <span class='ocrx_word' id='word_1_239' title='bbox 1587 2840 1637 2916; x_wconf 91' lang='grc'><strong>20,</strong></span> 
     </span>
     <span class='ocr_line' id='line_1_25' title="bbox 198 2929 1733 3025; baseline -0.001 -21"><span class='ocrx_word' id='word_1_240' title='bbox 198 2941 267 3022; x_wconf 81' lang='grc'><strong>193,</strong></span> <span class='ocrx_word' id='word_1_241' title='bbox 304 2940 378 3021; x_wconf 85' lang='grc'><strong>981,</strong></span> <span class='ocrx_word' id='word_1_242' title='bbox 417 2941 507 3024; x_wconf 88' lang='grc'><strong>1231,</strong></span> <span class='ocrx_word' id='word_1_243' title='bbox 544 2941 603 3007; x_wconf 92' lang='lat' dir='ltr'><strong>Ph.</strong></span> <span class='ocrx_word' id='word_1_244' title='bbox 631 2941 722 3022; x_wconf 88' lang='grc'><strong>1204,</strong></span> <span class='ocrx_word' id='word_1_245' title='bbox 762 2941 881 3025; x_wconf 90' lang='lat' dir='ltr'><strong>quibus</strong></span> <span class='ocrx_word' id='word_1_246' title='bbox 915 2943 1099 3024; x_wconf 89' lang='lat' dir='ltr'><strong>comparari</strong></span> <span class='ocrx_word' id='word_1_247' title='bbox 1133 2955 1243 3025; x_wconf 87' lang='lat' dir='ltr'><strong>potest</strong></span> <span class='ocrx_word' id='word_1_248' title='bbox 1279 2941 1521 3005; x_wconf 85' lang='lat' dir='ltr'><strong>intransitivum</strong></span> <span class='ocrx_word' id='word_1_249' title='bbox 1555 2939 1639 3005; x_wconf 90' lang='lat' dir='ltr'><strong>illud</strong></span> <span class='ocrx_word' id='word_1_250' title='bbox 1732 2929 1733 2932; x_wconf 24' lang='lat'>¹</span> 
     </span>
     <span class='ocr_line' id='line_1_26' title="bbox 197 3033 1639 3128; baseline 0 -22"><span class='ocrx_word' id='word_1_251' title='bbox 197 3033 358 3125; x_wconf 77' lang='grc' dir='ltr'><strong><em>εὐνήματα</em></strong></span> <span class='ocrx_word' id='word_1_252' title='bbox 396 3043 443 3108; x_wconf 91' lang='lat' dir='ltr'><strong>Io.</strong></span> <span class='ocrx_word' id='word_1_253' title='bbox 474 3045 538 3110; x_wconf 88' lang='grc'><strong>304</strong></span> <span class='ocrx_word' id='word_1_254' title='bbox 580 3038 715 3115; x_wconf 82' lang='grc' dir='ltr'><strong><em>ἄπαιδές</em></strong></span> <span class='ocrx_word' id='word_1_255' title='bbox 752 3043 860 3127; x_wconf 82' lang='grc' dir='ltr'><strong><em>ἐσμεν,</em></strong></span> <span class='ocrx_word' id='word_1_256' title='bbox 896 3039 999 3126; x_wconf 79' lang='grc' dir='ltr'><strong><em>χρόνι’</em></strong></span> <span class='ocrx_word' id='word_1_257' title='bbox 1027 3034 1131 3122; x_wconf 80' lang='grc' dir='ltr'><strong><em>ἔχοντ’</em></strong></span> <span class='ocrx_word' id='word_1_258' title='bbox 1153 3038 1328 3128; x_wconf 74' lang='grc' dir='ltr'><strong><em>εὐνήματα,</em></strong></span> <span class='ocrx_word' id='word_1_259' title='bbox 1360 3041 1499 3128; x_wconf 89' lang='lat' dir='ltr'><strong>denique</strong></span> <span class='ocrx_word' id='word_1_260' title='bbox 1529 3056 1639 3108; x_wconf 86' lang='lat' dir='ltr'><strong>autom</strong></span> 
     </span>
     <span class='ocr_line' id='line_1_27' title="bbox 196 3142 1639 3234; baseline 0.001 -28"><span class='ocrx_word' id='word_1_261' title='bbox 196 3143 424 3227; x_wconf 82' lang='grc' dir='ltr'><strong><em>μνηστεύματα</em></strong></span> <span class='ocrx_word' id='word_1_262' title='bbox 447 3145 522 3210; x_wconf 88' lang='lat' dir='ltr'><strong>Hel.</strong></span> <span class='ocrx_word' id='word_1_263' title='bbox 548 3148 631 3212; x_wconf 90' lang='grc'><strong>1514</strong></span> <span class='ocrx_word' id='word_1_264' title='bbox 653 3143 746 3234; x_wconf 83' lang='grc' dir='ltr'><strong><em>ἄλλης</em></strong></span> <span class='ocrx_word' id='word_1_265' title='bbox 768 3146 898 3214; x_wconf 80' lang='grc' dir='ltr'><strong><em>ἐκπόνει</em></strong></span> <span class='ocrx_word' id='word_1_266' title='bbox 918 3144 1143 3233; x_wconf 79' lang='grc' dir='ltr'><strong><em>μνηστεύματα</em></strong></span> <span class='ocrx_word' id='word_1_267' title='bbox 1161 3143 1319 3225; x_wconf 82' lang='grc' dir='ltr'><strong><em>γυναικός,</em></strong></span> <span class='ocrx_word' id='word_1_268' title='bbox 1348 3146 1407 3213; x_wconf 86' lang='lat' dir='ltr'><strong>Ph.</strong></span> <span class='ocrx_word' id='word_1_269' title='bbox 1429 3146 1497 3212; x_wconf 88' lang='grc'><strong>580</strong></span> <span class='ocrx_word' id='word_1_270' title='bbox 1515 3142 1585 3226; x_wconf 82' lang='grc' dir='ltr'><strong><em>ἐρεῖ</em></strong></span> <span class='ocrx_word' id='word_1_271' title='bbox 1604 3144 1639 3209; x_wconf 78' lang='grc' dir='ltr'><strong>δὲ</strong></span> 
     </span>
     <span class='ocr_line' id='line_1_28' title="bbox 197 3236 1639 3338; baseline 0.006 -37"><span class='ocrx_word' id='word_1_272' title='bbox 197 3243 237 3329; x_wconf 80' lang='grc' dir='ltr'><strong>δή</strong></span> <span class='ocrx_word' id='word_1_273' title='bbox 251 3262 308 3316; x_wconf 73' lang='grc' dir='ltr'><strong><em>τις·</em></strong></span> <span class='ocrx_word' id='word_1_274' title='bbox 345 3236 369 3308; x_wconf 80' lang='grc' dir='ltr'><strong><em>ὦ</em></strong></span> <span class='ocrx_word' id='word_1_275' title='bbox 386 3243 464 3311; x_wconf 72' lang='grc' dir='ltr'><strong>κακὰ</strong></span> <span class='ocrx_word' id='word_1_276' title='bbox 485 3248 720 3334; x_wconf 72' lang='grc' dir='ltr'><strong><em>μνηστεύματα,</em></strong></span> <span class='ocrx_word' id='word_1_277' title='bbox 732 3249 903 3335; x_wconf 81' lang='grc' dir='ltr'><strong><em>Ἄδραστε,</em></strong></span> <span class='ocrx_word' id='word_1_278' title='bbox 927 3255 1097 3334; x_wconf 72' lang='grc' dir='ltr'><strong><em>προσθείς,</em></strong></span> <span class='ocrx_word' id='word_1_279' title='bbox 1122 3274 1186 3338; x_wconf 90' lang='lat' dir='ltr'><strong>quo</strong></span> <span class='ocrx_word' id='word_1_280' title='bbox 1203 3250 1307 3314; x_wconf 88' lang='lat' dir='ltr'><strong>altero</strong></span> <span class='ocrx_word' id='word_1_281' title='bbox 1323 3247 1396 3314; x_wconf 89' lang='lat' dir='ltr'><strong>loco</strong></span> <span class='ocrx_word' id='word_1_282' title='bbox 1412 3246 1639 3332; x_wconf 77' lang='grc' dir='ltr'><strong><em>μνηστεύματα</em></strong></span> 
     </span>
     <span class='ocr_line' id='line_1_29' title="bbox 198 3352 1638 3438; baseline 0.003 -26"><span class='ocrx_word' id='word_1_283' title='bbox 198 3372 305 3435; x_wconf 88' lang='lat' dir='ltr'><strong>neque</strong></span> <span class='ocrx_word' id='word_1_284' title='bbox 321 3366 371 3416; x_wconf 90' lang='lat' dir='ltr'><strong>est</strong></span> <span class='ocrx_word' id='word_1_285' title='bbox 386 3373 479 3428; x_wconf 86' lang='lat' dir='ltr'><strong>uxor,</strong></span> <span class='ocrx_word' id='word_1_286' title='bbox 504 3374 600 3437; x_wconf 89' lang='lat' dir='ltr'><strong>quem</strong></span> <span class='ocrx_word' id='word_1_287' title='bbox 616 3353 833 3438; x_wconf 83' lang='lat' dir='ltr'><strong>significatum</strong></span> <span class='ocrx_word' id='word_1_288' title='bbox 851 3353 957 3420; x_wconf 81' lang='lat' dir='ltr'><strong>lexica</strong></span> <span class='ocrx_word' id='word_1_289' title='bbox 973 3365 1086 3418; x_wconf 91' lang='lat' dir='ltr'><strong>nostra</strong></span> <span class='ocrx_word' id='word_1_290' title='bbox 1100 3352 1269 3436; x_wconf 86' lang='lat' dir='ltr'><strong>praebent,</strong></span> <span class='ocrx_word' id='word_1_291' title='bbox 1286 3373 1393 3437; x_wconf 88' lang='lat' dir='ltr'><strong>neque</strong></span> <span class='ocrx_word' id='word_1_292' title='bbox 1409 3362 1499 3415; x_wconf 89' lang='lat' dir='ltr'><strong>recte</strong></span> <span class='ocrx_word' id='word_1_293' title='bbox 1520 3372 1638 3431; x_wconf 84' lang='lat' dir='ltr'><strong>nomen</strong></span> 
     </span>
     <span class='ocr_line' id='line_1_30' title="bbox 200 3447 1637 3541; baseline 0.002 -25"><span class='ocrx_word' id='word_1_294' title='bbox 200 3453 378 3539; x_wconf 84' lang='lat' dir='ltr'><strong>explicavit</strong></span> <span class='ocrx_word' id='word_1_295' title='bbox 410 3454 584 3519; x_wconf 88' lang='lat' dir='ltr'><strong>scholiasta</strong></span> <span class='ocrx_word' id='word_1_296' title='bbox 613 3468 772 3532; x_wconf 85' lang='lat' dir='ltr'><strong>annotans</strong></span> <span class='ocrx_word' id='word_1_297' title='bbox 802 3447 827 3518; x_wconf 81' lang='grc' dir='ltr'><strong><em>ὦ</em></strong></span> <span class='ocrx_word' id='word_1_298' title='bbox 855 3456 956 3526; x_wconf 82' lang='grc' dir='ltr'><strong><em>κακῶς</em></strong></span> <span class='ocrx_word' id='word_1_299' title='bbox 978 3457 1118 3536; x_wconf 75' lang='grc' dir='ltr'><strong><em>θυγατρὶ</em></strong></span> <span class='ocrx_word' id='word_1_300' title='bbox 1139 3451 1430 3541; x_wconf 85' lang='grc' dir='ltr'><strong><em>μνηστευσόμενος,</em></strong></span> <span class='ocrx_word' id='word_1_301' title='bbox 1462 3455 1549 3539; x_wconf 92' lang='lat' dir='ltr'><strong>quod</strong></span> <span class='ocrx_word' id='word_1_302' title='bbox 1573 3454 1637 3519; x_wconf 92' lang='lat' dir='ltr'><strong>loci</strong></span> 
     </span>
     <span class='ocr_line' id='line_1_31' title="bbox 200 3543 1637 3644; baseline 0.001 -26"><span class='ocrx_word' id='word_1_303' title='bbox 200 3557 307 3619; x_wconf 86' lang='lat' dir='ltr'><strong>sensui</strong></span> <span class='ocrx_word' id='word_1_304' title='bbox 330 3578 394 3620; x_wconf 91' lang='lat' dir='ltr'><strong>non</strong></span> <span class='ocrx_word' id='word_1_305' title='bbox 417 3559 580 3624; x_wconf 89' lang='lat' dir='ltr'><strong>convenit.</strong></span> <span class='ocrx_word' id='word_1_306' title='bbox 612 3559 683 3622; x_wconf 87' lang='lat' dir='ltr'><strong>Etsi</strong></span> <span class='ocrx_word' id='word_1_307' title='bbox 704 3582 767 3624; x_wconf 91' lang='lat' dir='ltr'><strong>non</strong></span> <span class='ocrx_word' id='word_1_308' title='bbox 784 3562 898 3644; x_wconf 82' lang='lat' dir='ltr'><strong>ignoro</strong></span> <span class='ocrx_word' id='word_1_309' title='bbox 913 3558 1127 3642; x_wconf 85' lang='grc' dir='ltr'><strong><em>μνηνστεάειν</em></strong></span> <span class='ocrx_word' id='word_1_310' title='bbox 1143 3558 1320 3642; x_wconf 82' lang='lat' dir='ltr'><strong>dici-posse</strong></span> <span class='ocrx_word' id='word_1_311' title='bbox 1336 3555 1376 3619; x_wconf 89' lang='lat' dir='ltr'><strong>de</strong></span> <span class='ocrx_word' id='word_1_312' title='bbox 1392 3558 1504 3619; x_wconf 84' lang='lat' dir='ltr'><strong>uxoris</strong></span> <span class='ocrx_word' id='word_1_313' title='bbox 1519 3543 1637 3643; x_wconf 83' lang='lat' dir='ltr'><strong>paren·</strong></span> 
     </span>
     <span class='ocr_line' id='line_1_32' title="bbox 127 3654 1637 3744; baseline -0.001 -24"><span class='ocrx_word' id='word_1_314' title='bbox 127 3687 130 3692; x_wconf 42' lang='lat'>¹</span> <span class='ocrx_word' id='word_1_315' title='bbox 195 3657 293 3738; x_wconf 92' lang='lat' dir='ltr'><strong>tibus,</strong></span> <span class='ocrx_word' id='word_1_316' title='bbox 313 3660 368 3741; x_wconf 91' lang='lat' dir='ltr'><strong>qui</strong></span> <span class='ocrx_word' id='word_1_317' title='bbox 384 3680 540 3741; x_wconf 88' lang='lat' dir='ltr'><strong>generum</strong></span> <span class='ocrx_word' id='word_1_318' title='bbox 554 3657 798 3744; x_wconf 86' lang='grc' dir='ltr'><strong><em>μνηστεόουσιν,</em></strong></span> <span class='ocrx_word' id='word_1_319' title='bbox 816 3662 910 3727; x_wconf 88' lang='lat' dir='ltr'><strong>velut</strong></span> <span class='ocrx_word' id='word_1_320' title='bbox 925 3663 985 3726; x_wconf 92' lang='lat' dir='ltr'><strong>IA.</strong></span> <span class='ocrx_word' id='word_1_321' title='bbox 999 3663 1072 3744; x_wconf 76' lang='grc'><strong>841,</strong></span> <span class='ocrx_word' id='word_1_322' title='bbox 1090 3661 1140 3726; x_wconf 85' lang='grc' dir='ltr'><strong>ΕΙ.</strong></span> <span class='ocrx_word' id='word_1_323' title='bbox 1159 3661 1232 3742; x_wconf 89' lang='grc'><strong>313,</strong></span> <span class='ocrx_word' id='word_1_324' title='bbox 1247 3660 1309 3726; x_wconf 87' lang='lat' dir='ltr'><strong>hoc</strong></span> <span class='ocrx_word' id='word_1_325' title='bbox 1324 3661 1396 3724; x_wconf 86' lang='lat' dir='ltr'><strong>loco</strong></span> <span class='ocrx_word' id='word_1_326' title='bbox 1410 3654 1637 3743; x_wconf 78' lang='grc' dir='ltr'><strong><em>μνηστεύματα</em></strong></span> 
     </span>
     <span class='ocr_line' id='line_1_33' title="bbox 196 3757 1636 3850; baseline 0.002 -28"><span class='ocrx_word' id='word_1_327' title='bbox 196 3757 387 3844; x_wconf 89' lang='lat' dir='ltr'><strong>simpliciter</strong></span> <span class='ocrx_word' id='word_1_328' title='bbox 426 3761 582 3846; x_wconf 87' lang='lat' dir='ltr'><strong>intellego</strong></span> <span class='ocrx_word' id='word_1_329' title='bbox 613 3759 735 3844; x_wconf 86' lang='grc' dir='ltr'><strong><em>γάμους</em></strong></span> <span class='ocrx_word' id='word_1_330' title='bbox 767 3799 801 3810; x_wconf 88' lang='grc'>-</span> <span class='ocrx_word' id='word_1_331' title='bbox 829 3787 936 3850; x_wconf 87' lang='lat' dir='ltr'><strong>neque</strong></span> <span class='ocrx_word' id='word_1_332' title='bbox 972 3766 1057 3828; x_wconf 91' lang='lat' dir='ltr'><strong>enim</strong></span> <span class='ocrx_word' id='word_1_333' title='bbox 1087 3758 1299 3846; x_wconf 81' lang='grc' dir='ltr'><strong><em>ἐμνήστευσεν</em></strong></span> <span class='ocrx_word' id='word_1_334' title='bbox 1334 3761 1499 3826; x_wconf 89' lang='lat' dir='ltr'><strong>Adrastus</strong></span> <span class='ocrx_word' id='word_1_335' title='bbox 1529 3782 1636 3845; x_wconf 85' lang='lat' dir='ltr'><strong>neque</strong></span> 
     </span>
     <span class='ocr_line' id='line_1_34' title="bbox 199 3859 1636 3950; baseline 0.001 -26"><span class='ocrx_word' id='word_1_336' title='bbox 199 3859 374 3946; x_wconf 87' lang='lat' dir='ltr'><strong>Polynices</strong></span> <span class='ocrx_word' id='word_1_337' title='bbox 400 3899 449 3943; x_wconf 72' lang='lat'><strong>-„</strong></span> <span class='ocrx_word' id='word_1_338' title='bbox 494 3865 540 3928; x_wconf 89' lang='lat' dir='ltr'><strong>ita</strong></span> <span class='ocrx_word' id='word_1_339' title='bbox 576 3877 613 3929; x_wconf 89' lang='lat' dir='ltr'><strong>ut</strong></span> <span class='ocrx_word' id='word_1_340' title='bbox 647 3885 720 3930; x_wconf 90' lang='lat' dir='ltr'><strong>cum</strong></span> <span class='ocrx_word' id='word_1_341' title='bbox 744 3866 815 3931; x_wconf 82' lang='lat' dir='ltr'><strong>boc</strong></span> <span class='ocrx_word' id='word_1_342' title='bbox 849 3887 948 3932; x_wconf 90' lang='lat' dir='ltr'><strong>versu</strong></span> <span class='ocrx_word' id='word_1_343' title='bbox 972 3887 1164 3950; x_wconf 88' lang='lat' dir='ltr'><strong>comparare</strong></span> <span class='ocrx_word' id='word_1_344' title='bbox 1200 3864 1297 3928; x_wconf 85' lang='lat' dir='ltr'><strong>liceat</strong></span> <span class='ocrx_word' id='word_1_345' title='bbox 1330 3885 1386 3927; x_wconf 87' lang='lat' dir='ltr'><strong>eos</strong></span> <span class='ocrx_word' id='word_1_346' title='bbox 1419 3883 1544 3942; x_wconf 90' lang='lat' dir='ltr'><strong>versus,</strong></span> <span class='ocrx_word' id='word_1_347' title='bbox 1579 3863 1636 3946; x_wconf 92' lang='lat' dir='ltr'><strong>qui</strong></span> 
     </span>
     <span class='ocr_line' id='line_1_35' title="bbox 193 3959 1636 4048; baseline -0.001 -20"><span class='ocrx_word' id='word_1_348' title='bbox 193 3964 348 4046; x_wconf 84' lang='lat' dir='ltr'><strong>leguntur</strong></span> <span class='ocrx_word' id='word_1_349' title='bbox 376 3965 439 4029; x_wconf 88' lang='lat' dir='ltr'><strong>Me.</strong></span> <span class='ocrx_word' id='word_1_350' title='bbox 471 3966 588 4046; x_wconf 73' lang='lat' dir='ltr'><strong>1354t6</strong></span> <span class='ocrx_word' id='word_1_351' title='bbox 619 3962 659 4031; x_wconf 82' lang='grc' dir='ltr'><strong>σὺ</strong></span> <span class='ocrx_word' id='word_1_352' title='bbox 688 3961 776 4031; x_wconf 78' lang='grc' dir='ltr'><strong><em>δὀὐκ</em></strong></span> <span class='ocrx_word' id='word_1_353' title='bbox 804 3965 935 4048; x_wconf 79' lang='grc' dir='ltr'><strong><em>ἔμελλες</em></strong></span> <span class='ocrx_word' id='word_1_354' title='bbox 966 3960 1039 4046; x_wconf 78' lang='grc' dir='ltr'><strong>τᾶμ’</strong></span> <span class='ocrx_word' id='word_1_355' title='bbox 1071 3959 1229 4045; x_wconf 81' lang='grc' dir='ltr'><strong><em>ἀτιμάσας</em></strong></span> <span class='ocrx_word' id='word_1_356' title='bbox 1256 3963 1331 4048; x_wconf 82' lang='grc' dir='ltr'><strong><em>λέχη</em></strong></span> <span class='ocrx_word' id='word_1_357' title='bbox 1353 3960 1493 4047; x_wconf 80' lang='grc' dir='ltr'><strong><em>τερπνὸν</em></strong></span> <span class='ocrx_word' id='word_1_358' title='bbox 1516 3962 1636 4038; x_wconf 79' lang='grc' dir='ltr'><strong><em>διάξειν</em></strong></span> 
     </span>
     <span class='ocr_line' id='line_1_36' title="bbox 193 4058 1629 4154; baseline 0.001 -27"><span class='ocrx_word' id='word_1_359' title='bbox 193 4058 309 4146; x_wconf 78' lang='grc' dir='ltr'><strong><em>βίοτον</em></strong></span> <span class='ocrx_word' id='word_1_360' title='bbox 330 4062 465 4145; x_wconf 66' lang='lat' dir='ltr'><strong>erratas</strong></span> <span class='ocrx_word' id='word_1_361' title='bbox 487 4063 569 4152; x_wconf 80' lang='grc' dir='ltr'><strong><em>ἐμοί,</em></strong></span> <span class='ocrx_word' id='word_1_362' title='bbox 592 4061 660 4133; x_wconf 75' lang='grc' dir='ltr'><strong><em>οὐδ’</em></strong></span> <span class='ocrx_word' id='word_1_363' title='bbox 683 4065 703 4154; x_wconf 69' lang='lat' dir='ltr'><strong>a}</strong></span> <span class='ocrx_word' id='word_1_364' title='bbox 725 4067 876 4152; x_wconf 81' lang='grc' dir='ltr'><strong><em>τύραννος</em></strong></span> <span class='ocrx_word' id='word_1_365' title='bbox 898 4061 966 4133; x_wconf 76' lang='grc' dir='ltr'><strong><em>οὐδ’</em></strong></span> <span class='ocrx_word' id='word_1_366' title='bbox 991 4064 1008 4132; x_wconf 83' lang='grc' dir='ltr'><em>ὃ</em></span> <span class='ocrx_word' id='word_1_367' title='bbox 1035 4071 1086 4132; x_wconf 83' lang='grc' dir='ltr'><strong>σοὶ</strong></span> <span class='ocrx_word' id='word_1_368' title='bbox 1108 4069 1265 4153; x_wconf 69' lang='grc' dir='ltr'><strong><em>προσθεὶς</em></strong></span> <span class='ocrx_word' id='word_1_369' title='bbox 1288 4064 1405 4147; x_wconf 78' lang='grc' dir='ltr'><strong><em>γάμους</em></strong></span> <span class='ocrx_word' id='word_1_370' title='bbox 1427 4071 1548 4149; x_wconf 80' lang='grc' dir='ltr'><strong><em>Κρέων.</em></strong></span> <span class='ocrx_word' id='word_1_371' title='bbox 1627 4139 1629 4148; x_wconf 20' lang='lat' dir='ltr'>y</span> 
     </span>
    </p>

    <p class='ocr_par' dir='ltr' id='par_1_4' title="bbox 192 4170 1637 4875">
     <span class='ocr_line' id='line_1_37' title="bbox 310 4170 1635 4260; baseline 0.003 -26"><span class='ocrx_word' id='word_1_372' title='bbox 310 4170 380 4235; x_wconf 90' lang='lat' dir='ltr'><strong>Iam</strong></span> <span class='ocrx_word' id='word_1_373' title='bbox 415 4174 544 4255; x_wconf 83' lang='lat' dir='ltr'><strong>cognita</strong></span> <span class='ocrx_word' id='word_1_374' title='bbox 577 4187 610 4238; x_wconf 88' lang='lat' dir='ltr'><strong>et</strong></span> <span class='ocrx_word' id='word_1_375' title='bbox 643 4185 766 4240; x_wconf 87' lang='lat' dir='ltr'><strong>statuta</strong></span> <span class='ocrx_word' id='word_1_376' title='bbox 799 4173 915 4260; x_wconf 88' lang='lat' dir='ltr'><strong>regula</strong></span> <span class='ocrx_word' id='word_1_377' title='bbox 949 4174 990 4239; x_wconf 91' lang='lat' dir='ltr'><strong>dc</strong></span> <span class='ocrx_word' id='word_1_378' title='bbox 1025 4196 1087 4238; x_wconf 88' lang='lat' dir='ltr'><strong>usu</strong></span> <span class='ocrx_word' id='word_1_379' title='bbox 1119 4175 1284 4239; x_wconf 90' lang='lat' dir='ltr'><strong>nominum</strong></span> <span class='ocrx_word' id='word_1_380' title='bbox 1318 4174 1349 4236; x_wconf 92' lang='lat' dir='ltr'><strong>in</strong></span> <span class='ocrx_word' id='word_1_381' title='bbox 1382 4191 1429 4260; x_wconf 92' lang='grc' dir='ltr'><strong>μα</strong></span> <span class='ocrx_word' id='word_1_382' title='bbox 1458 4193 1635 4257; x_wconf 84' lang='lat' dir='ltr'><strong>eorumque</strong></span> 
     </span>
     <span class='ocr_line' id='line_1_38' title="bbox 193 4271 1635 4363; baseline 0.006 -31"><span class='ocrx_word' id='word_1_383' title='bbox 193 4271 356 4357; x_wconf 88' lang='lat' dir='ltr'><strong>imprimis</strong></span> <span class='ocrx_word' id='word_1_384' title='bbox 383 4296 528 4357; x_wconf 88' lang='lat' dir='ltr'><strong>numero,</strong></span> <span class='ocrx_word' id='word_1_385' title='bbox 559 4298 657 4362; x_wconf 91' lang='lat' dir='ltr'><strong>quam</strong></span> <span class='ocrx_word' id='word_1_386' title='bbox 686 4278 830 4361; x_wconf 86' lang='lat' dir='ltr'><strong>tragicos</strong></span> <span class='ocrx_word' id='word_1_387' title='bbox 859 4287 976 4363; x_wconf 87' lang='lat' dir='ltr'><strong>poetas</strong></span> <span class='ocrx_word' id='word_1_388' title='bbox 999 4277 1030 4340; x_wconf 93' lang='lat' dir='ltr'><strong>in</strong></span> <span class='ocrx_word' id='word_1_389' title='bbox 1054 4279 1244 4362; x_wconf 84' lang='lat' dir='ltr'><strong>usurpando</strong></span> <span class='ocrx_word' id='word_1_390' title='bbox 1266 4297 1303 4340; x_wconf 90' lang='lat' dir='ltr'><strong>eo</strong></span> <span class='ocrx_word' id='word_1_391' title='bbox 1326 4276 1492 4338; x_wconf 90' lang='lat' dir='ltr'><strong>nominum</strong></span> <span class='ocrx_word' id='word_1_392' title='bbox 1514 4297 1635 4359; x_wconf 83' lang='lat' dir='ltr'><strong>genere</strong></span> 
     </span>
     <span class='ocr_line' id='line_1_39' title="bbox 197 4377 1635 4463; baseline 0.006 -27"><span class='ocrx_word' id='word_1_393' title='bbox 197 4384 327 4439; x_wconf 87' lang='lat' dir='ltr'><strong>secutos</strong></span> <span class='ocrx_word' id='word_1_394' title='bbox 362 4398 432 4442; x_wconf 88' lang='lat' dir='ltr'><strong>esse</strong></span> <span class='ocrx_word' id='word_1_395' title='bbox 469 4377 620 4456; x_wconf 89' lang='lat' dir='ltr'><strong>vidimus,</strong></span> <span class='ocrx_word' id='word_1_396' title='bbox 658 4380 699 4444; x_wconf 86' lang='lat' dir='ltr'><strong>de</strong></span> <span class='ocrx_word' id='word_1_397' title='bbox 736 4401 800 4444; x_wconf 92' lang='lat' dir='ltr'><strong>uno</strong></span> <span class='ocrx_word' id='word_1_398' title='bbox 835 4379 908 4443; x_wconf 91' lang='lat' dir='ltr'><strong>loco</strong></span> <span class='ocrx_word' id='word_1_399' title='bbox 943 4379 1104 4444; x_wconf 88' lang='lat' dir='ltr'><strong>disserere</strong></span> <span class='ocrx_word' id='word_1_400' title='bbox 1138 4399 1246 4462; x_wconf 86' lang='lat' dir='ltr'><strong>pauca</strong></span> <span class='ocrx_word' id='word_1_401' title='bbox 1269 4377 1351 4441; x_wconf 86' lang='lat' dir='ltr'><strong>&#39;mihi</strong></span> <span class='ocrx_word' id='word_1_402' title='bbox 1383 4378 1491 4460; x_wconf 86' lang='lat' dir='ltr'><strong>liceat,</strong></span> <span class='ocrx_word' id='word_1_403' title='bbox 1514 4379 1635 4463; x_wconf 90' lang='lat' dir='ltr'><strong>inquo</strong></span> 
     </span>
     <span class='ocr_line' id='line_1_40' title="bbox 194 4478 1635 4568; baseline 0.006 -28"><span class='ocrx_word' id='word_1_404' title='bbox 194 4487 318 4561; x_wconf 87' lang='lat' dir='ltr'><strong>quanta</strong></span> <span class='ocrx_word' id='word_1_405' title='bbox 340 4478 457 4544; x_wconf 88' lang='lat' dir='ltr'><strong>lateret</strong></span> <span class='ocrx_word' id='word_1_406' title='bbox 479 4480 663 4563; x_wconf 81' lang='lat' dir='ltr'><strong>difficultas</strong></span> <span class='ocrx_word' id='word_1_407' title='bbox 686 4504 798 4548; x_wconf 90' lang='lat' dir='ltr'><strong>omnes</strong></span> <span class='ocrx_word' id='word_1_408' title='bbox 821 4482 944 4568; x_wconf 85' lang='lat' dir='ltr'><strong>fugisse</strong></span> <span class='ocrx_word' id='word_1_409' title='bbox 967 4480 1107 4546; x_wconf 87' lang='lat' dir='ltr'><strong>videtur.</strong></span> <span class='ocrx_word' id='word_1_410' title='bbox 1140 4484 1362 4562; x_wconf 70' lang='grc' dir='ltr'><strong><em>Παρθένευμα</em></strong></span> <span class='ocrx_word' id='word_1_411' title='bbox 1385 4489 1434 4544; x_wconf 81' lang='grc' dir='ltr'><strong>εει</strong></span> <span class='ocrx_word' id='word_1_412' title='bbox 1454 4481 1635 4562; x_wconf 79' lang='lat' dir='ltr'><strong>virginitas,</strong></span> 
     </span>
     <span class='ocr_line' id='line_1_41' title="bbox 195 4575 1634 4668; baseline 0.001 -27"><span class='ocrx_word' id='word_1_413' title='bbox 195 4582 215 4644; x_wconf 93' lang='lat' dir='ltr'><strong>i.</strong></span> <span class='ocrx_word' id='word_1_414' title='bbox 250 4603 277 4647; x_wconf 90' lang='lat' dir='ltr'><strong>e.</strong></span> <span class='ocrx_word' id='word_1_415' title='bbox 311 4583 345 4646; x_wconf 92' lang='lat' dir='ltr'><strong>id</strong></span> <span class='ocrx_word' id='word_1_416' title='bbox 379 4585 485 4668; x_wconf 86' lang='lat' dir='ltr'><strong>ipsum</strong></span> <span class='ocrx_word' id='word_1_417' title='bbox 519 4586 793 4668; x_wconf 28' lang='lat' dir='ltr'><strong>virginemtesse,</strong></span> <span class='ocrx_word' id='word_1_418' title='bbox 812 4587 868 4651; x_wconf 80' lang='lat' dir='ltr'><strong>do.</strong></span> <span class='ocrx_word' id='word_1_419' title='bbox 902 4587 983 4650; x_wconf 92' lang='grc'><strong>1412</strong></span> <span class='ocrx_word' id='word_1_420' title='bbox 1013 4583 1118 4648; x_wconf 71' lang='grc' dir='ltr'><strong><em>νόθον</em></strong></span> <span class='ocrx_word' id='word_1_421' title='bbox 1146 4604 1187 4664; x_wconf 92' lang='grc' dir='ltr'><strong>με</strong></span> <span class='ocrx_word' id='word_1_422' title='bbox 1209 4575 1544 4666; x_wconf 72' lang='grc' dir='ltr'><strong><em>παρθένευμ’,ἔτικτε</em></strong></span> <span class='ocrx_word' id='word_1_423' title='bbox 1566 4577 1634 4664; x_wconf 78' lang='grc' dir='ltr'><strong><em>σόν,</em></strong></span> 
     </span>
     <span class='ocr_line' id='line_1_42' title="bbox 196 4677 1637 4770; baseline 0.001 -24"><span class='ocrx_word' id='word_1_424' title='bbox 196 4681 365 4749; x_wconf 87' lang='lat' dir='ltr'><strong>Pluralem</strong></span> <span class='ocrx_word' id='word_1_425' title='bbox 394 4685 534 4770; x_wconf 80' lang='lat' dir='ltr'><strong>legimus</strong></span> <span class='ocrx_word' id='word_1_426' title='bbox 559 4687 617 4752; x_wconf 89' lang='lat' dir='ltr'><strong>Ph.</strong></span> <span class='ocrx_word' id='word_1_427' title='bbox 643 4689 725 4753; x_wconf 91' lang='grc'><strong>1265</strong></span> <span class='ocrx_word' id='word_1_428' title='bbox 752 4685 808 4750; x_wconf 84' lang='grc' dir='ltr'><strong>οὐκ</strong></span> <span class='ocrx_word' id='word_1_429' title='bbox 831 4677 866 4750; x_wconf 83' lang='grc' dir='ltr'><strong>ἐν</strong></span> <span class='ocrx_word' id='word_1_430' title='bbox 894 4691 1032 4768; x_wconf 83' lang='grc' dir='ltr'><strong><em>χορείαις</em></strong></span> <span class='ocrx_word' id='word_1_431' title='bbox 1062 4680 1137 4750; x_wconf 76' lang='grc' dir='ltr'><strong><em>οὐδὲ</em></strong></span> <span class='ocrx_word' id='word_1_432' title='bbox 1172 4686 1462 4767; x_wconf 69' lang='grc' dir='ltr'><strong><em>παρθενεύμασινΙ</em></strong></span> <span class='ocrx_word' id='word_1_433' title='bbox 1503 4683 1560 4747; x_wconf 82' lang='grc' dir='ltr'><strong>νῦν</strong></span> <span class='ocrx_word' id='word_1_434' title='bbox 1584 4702 1637 4747; x_wconf 93' lang='grc' dir='ltr'><strong>σοι</strong></span> 
     </span>
     <span class='ocr_line' id='line_1_43' title="bbox 192 4785 1635 4875; baseline 0.006 -29"><span class='ocrx_word' id='word_1_435' title='bbox 192 4791 358 4869; x_wconf 84' lang='grc' dir='ltr'><strong><em>προχωρεῖ</em></strong></span> <span class='ocrx_word' id='word_1_436' title='bbox 376 4787 540 4868; x_wconf 87' lang='grc' dir='ltr'><strong><em>δαιμόνων</em></strong></span> <span class='ocrx_word' id='word_1_437' title='bbox 561 4785 762 4863; x_wconf 87' lang='grc' dir='ltr'><strong><em>κατάστασις,</em></strong></span> <span class='ocrx_word' id='word_1_438' title='bbox 788 4792 841 4855; x_wconf 92' lang='lat' dir='ltr'><strong>ubi</strong></span> <span class='ocrx_word' id='word_1_439' title='bbox 865 4812 904 4854; x_wconf 90' lang='lat' dir='ltr'><strong>eo</strong></span> <span class='ocrx_word' id='word_1_440' title='bbox 920 4813 1056 4855; x_wconf 89' lang='lat' dir='ltr'><strong>numero</strong></span> <span class='ocrx_word' id='word_1_441' title='bbox 1080 4811 1143 4855; x_wconf 91' lang='lat' dir='ltr'><strong>non</strong></span> <span class='ocrx_word' id='word_1_442' title='bbox 1160 4791 1385 4873; x_wconf 85' lang='lat' dir='ltr'><strong>significantur</strong></span> <span class='ocrx_word' id='word_1_443' title='bbox 1401 4790 1635 4875; x_wconf 83' lang='lat' dir='ltr'><strong>occupationes</strong></span> 
     </span>
    </p>
   </div>
   <div class='ocr_carea' id='block_1_3' title="bbox 0 0 1902 5518">
    <p class='ocr_par' dir='ltr' id='par_1_5' title="bbox 0 0 1902 5518">
     <span class='ocr_line' id='line_1_44' title="bbox 0 0 1902 5518; baseline 0 2"><span class='ocrx_word' id='word_1_444' title='bbox 0 0 1902 5518; x_wconf 95' lang='lat' dir='ltr'><strong> </strong></span> 
     </span>
    </p>
   </div>
  </div>
 </body>
</html>
