3796 5518
668 1432 832 1510 CAPVT
861 1431 1146 1509 SECVNDVM.

296 1688 416 1754 Adhuc
429 1687 586 1774 imprimis
598 1683 631 1750 id
644 1687 707 1771 egi,
720 1697 753 1752 ut
766 1689 846 1751 certi
864 1686 1032 1752 cuiusdam
1046 1686 1225 1752 verborum
1241 1691 1371 1774 generis
1385 1690 1452 1755 vim
1464 1713 1503 1756 ac
1515 1691 1636 1776 signifi·

190 1800 301 1858 catum
318 1812 551 1876 cognoscerem
568 1800 599 1854 et
615 1789 830 1874 disponerem,
848 1813 912 1876 qua
924 1812 971 1872 re,
990 1800 1193 1876 quantopere
1214 1790 1296 1857 fines
1320 1793 1498 1875 notionum,
1517 1793 1638 1879 quibus

189 1893 247 1958 illa
262 1892 365 1959 verba
381 1891 540 1957 attributa
563 1899 648 1974 sunt,
670 1893 702 1956 in
725 1893 898 1978 tragoedia
919 1901 951 1956 et
973 1892 1142 1958 comoedia
1156 1892 1412 1961 extenderentur
1431 1907 1488 1961 aut
1511 1907 1636 1962 coarta-

188 2007 312 2080 rentur,
335 1996 604 2061 demonstrarem.
649 1995 688 2059 In
727 1989 773 2060 eis
808 2018 892 2081 quae
929 2005 1113 2082 sequuntur·
1138 1994 1172 2060 id
1204 2018 1335 2083 quoque
1366 1999 1546 2081 ostendam,
1569 2020 1641 2086 qua

190 2102 318 2164 ratione
364 2119 402 2162 ea
445 2098 611 2162 nominum
653 2119 786 2179 genera,
831 2120 915 2184 quae
953 2098 1127 2163 tractanda
1170 2098 1248 2162 mihi
1283 2102 1451 2185 proposui,
1494 2101 1637 2166 formata

188 2203 252 2267 sint
290 2223 419 2287 quoque
460 2199 557 2265 modo
596 2221 613 2264 e
642 2211 761 2264 natura
808 2223 867 2265 sua
911 2221 984 2265 cum
1021 2201 1139 2265 ceteris
1183 2203 1340 2266 enuntiati
1372 2202 1526 2268 membris
1562 2225 1637 2268 con·

185 2307 307 2369 iuncta.
376 2301 474 2384 Quod
518 2312 555 2366 ut
588 2325 792 2389 assequerer,
827 2303 914 2388 elegi
946 2306 1078 2368 nomina
1114 2302 1264 2368 verbalia
1297 2303 1436 2386 Graeca,
1471 2326 1557 2390 quae
1593 2304 1637 2368 ad

189 2407 418 2493 exponendam
442 2406 670 2488 differentiam,
693 2428 778 2492 quae
795 2416 844 2470 est
860 2409 945 2471 inter
962 2408 1162 2491 tragicorum
1179 2417 1211 2469 et
1228 2407 1426 2472 comicorum
1440 2427 1634 2488 sermonem,

190 2511 331 2575 maxime
373 2508 491 2574 idonea
533 2510 611 2573 mihi
669 2509 867 2574 videbantur
915 2531 1064 2594 quaeque
1115 2505 1231 2572 adhuc
1268 2531 1330 2573 nec
1376 2510 1530 2574 universa
1576 2529 1638 2572 nec

188 2615 286 2678 certis
309 2612 402 2677 finita
424 2614 607 2678 rationibus
632 2620 774 2676 tractata
797 2620 882 2676 sunt.
928 2610 962 2677 Si
992 2619 1102 2676 autem
1134 2633 1182 2691 ca,
1220 2632 1303 2696 quae
1338 2632 1437 2697 opere
1469 2610 1532 2676 hoc
1566 2618 1635 2675 tam

189 2716 267 2779 artis
290 2716 410 2779 finibus
433 2716 681 2800 circumscripto
705 2714 791 2778 effici
812 2723 960 2798 possunt,
996 2712 1182 2800 approbata
1215 2723 1321 2796 erunt,
1352 2715 1476 2779 maiore
1510 2712 1636 2777 ambitu

188 2815 231 2882 ad
253 2838 322 2881 rem
345 2826 435 2881 certe
458 2815 590 2900 dignam
614 2838 821 2881 accessurum
852 2839 904 2881 me
928 2838 998 2881 esse
1021 2837 1118 2901 spero
1142 2824 1175 2880 et
1196 2819 1363 2881 nominum
1384 2815 1516 2882 illorum
1540 2836 1635 2881 usum

192 2941 253 3004 per
275 2921 430 2984 maiorem
454 2927 583 3004 partem
605 2918 789 2984 litterarum
813 2919 1015 2986 Graecarum
1038 2931 1296 3008 persecuturum.

294 3021 345 3086 Ac
368 3023 508 3107 primum
532 3021 677 3107 quidem,
708 3044 781 3086 cum
817 3022 992 3088 definiatur
1026 3045 1159 3088 necesse
1195 3024 1235 3087 sit
1268 3025 1341 3112 ipsa
1373 3024 1461 3087 notio
1496 3022 1634 3087 nominis

185 3123 341 3205 verbalis,
364 3145 463 3210 quam
487 3124 682 3188 brevissime
706 3146 839 3212 possum
863 3147 901 3190 ea
923 3125 1069 3205 afferam,
1094 3147 1179 3210 quae
1201 3127 1406 3209 grammatici
1439 3137 1470 3190 et
1504 3132 1636 3188 veteres

185 3237 218 3290 et
236 3227 339 3291 nostri
362 3224 403 3289 de
428 3247 466 3290 ea
488 3228 665 3291 nominum
687 3228 797 3314 specie
822 3227 1014 3293 docuerunt.

293 3327 515 3414 Antiquorum
540 3336 650 3393 autem
677 3329 742 3394 duo
765 3332 944 3416 praecipue
966 3331 1031 3394 viri
1067 3341 1151 3412 sunt,
1188 3354 1270 3418 quos
1306 3331 1346 3396 de
1376 3330 1439 3396 bac
1471 3352 1507 3395 re
1541 3349 1640 3416 quae·

184 3441 292 3496 rentes
315 3429 405 3496 adire
433 3430 602 3514 debemus,
617 3431 804 3516 Dionysius
821 3431 935 3498 Thrax
954 3433 1078 3498 seilicet
1094 3443 1127 3498 et
1144 3433 1362 3517 Herodianus,
1386 3455 1482 3520 quem
1499 3433 1641 3498 alterum

185 3535 286 3599 ceteri
309 3555 421 3599 omnes
444 3536 553 3600 secuti
590 3558 661 3600 esse
685 3535 849 3600 videntur.
896 3535 1020 3601 Eorum
1049 3552 1160 3602 autem
1189 3538 1360 3622 utriusque
1390 3557 1463 3601 cum
1494 3533 1640 3601 definitio

182 3638 320 3702 nominis
344 3637 429 3703 illius
452 3637 585 3703 diversa
608 3640 660 3718 sit,
691 3651 725 3702 et
755 3660 829 3702 eum
853 3640 890 3722 is,
913 3640 969 3725 qui
999 3647 1108 3703 aetate
1132 3640 1293 3727 posterior
1316 3649 1394 3720 erat,
1423 3639 1543 3726 prioris
1565 3659 1641 3702 auc·

182 3742 348 3807 toritatem
369 3753 500 3806 secutus
523 3764 588 3806 non
611 3743 663 3821 sit,
698 3763 797 3826 quam
819 3762 891 3805 rem
921 3741 1007 3805 infra
1032 3741 1194 3828 probabo,
1221 3741 1284 3807 hoc
1313 3740 1385 3806 loco
1416 3763 1435 3805 a
1460 3741 1642 3826 posteriore

181 3841 238 3908 illo
262 3843 452 3910 Herodiano
476 3844 578 3909 ordiri
600 3844 709 3910 liceat.

290 3946 398 4012 Huius
407 3955 516 4010 autem
524 3947 733 4032 grammatici
749 3947 869 4031 operis,
878 3943 968 4031 quod
978 3944 1169 4009 inscribitur
1180 3942 1257 4026 περὶ
1269 3936 1451 4026 ῥηματικῶν
1464 3937 1641 4024 ὀνομάτων,

187 4045 275 4133 quod
299 4049 370 4134 ipse
393 4047 494 4113 semel
517 4050 617 4129 (Mon.
642 4049 672 4133 6,
702 4050 756 4128 13)
780 4047 904 4129 laudat,
935 4069 1062 4131 paucae
1093 4046 1269 4112 admodum
1299 4044 1458 4133 reliquiae
1490 4053 1642 4112 servatae

185 4160 269 4233 sunt,
292 4172 374 4235 quas
397 4149 540 4218 Lenzius
552 4153 577 4234 ¹)
601 4152 719 4218 ductus
743 4173 853 4234 causa,
876 4173 976 4238 quam
1005 4151 1071 4216 vol.
1094 4151 1111 4216 Ι
1134 4148 1285 4215 editionis
1308 4171 1387 4214 suae
1409 4170 1442 4234 p.
1466 4145 1561 4213 CXV
1586 4171 1642 4214 ex-

186 4253 307 4339 posuit,
340 4252 519 4320 secundum
552 4256 796 4321 terminationes
829 4275 873 4316 uo
894 4274 931 4338 ης
954 4272 981 4323 ις
1003 4272 1037 4322 ος
1059 4273 1080 4315 α
1102 4275 1121 4336 η
1145 4275 1180 4332 ω,
1216 4252 1335 4339 quibus
1369 4247 1524 4316 adiuncta
1566 4260 1644 4316 sunt

186 4363 305 4420 neutra
328 4364 360 4419 et
381 4357 620 4441 monosyllaba,
643 4358 675 4422 in
698 4359 846 4423 ordinem
871 4356 1024 4421 redactas
1056 4354 1122 4420 vol.
1146 4355 1180 4419 H
1202 4377 1235 4440 p.
1259 4354 1321 4421 897
1343 4374 1414 4439 sqq.
1441 4354 1644 4441 composuit.

298 4453 380 4521 Cum
404 4458 586 4525 Herodiani
610 4459 756 4525 definitio
779 4460 917 4525 nominis
939 4456 1082 4522 verbalis
1111 4459 1185 4543 ipsa
1207 4466 1340 4523 servata
1369 4478 1433 4521 non
1465 4457 1517 4538 sit,
1546 4477 1636 4520 cum·

188 4582 252 4645 que
274 4562 507 4644 grammaticus
529 4564 662 4628 uomina
685 4585 723 4628 ea
753 4563 945 4629 tractaverit
973 4561 1099 4625 ratione
1133 4559 1246 4626 habita
1275 4559 1417 4626 maxime
1461 4557 1647 4644 prosodiae,

189 4663 241 4727 cui
262 4664 420 4749 imprimis
443 4686 576 4750 operam
600 4663 710 4748 dabat,
734 4687 776 4730 ex
799 4663 970 4750 exemplis,
1004 4685 1087 4749 quae
1111 4661 1209 4744 dedit,
1247 4683 1406 4727 eruamus
1439 4683 1574 4726 necesse
1599 4669 1649 4747 est

296 4834 318 4898 ¹)
336 4829 493 4886 Herodiani
511 4832 649 4887 Technici
666 4831 823 4904 Reliquiae,
841 4832 957 4904 Lipsiae
976 4832 1053 4890 1867.
