3796 5518
866 372 1076 436 ..54-

216 590 218 596 ¹
247 562 445 650 Sophoclem
468 564 578 627 inveni
612 562 668 626 Tr.
691 562 755 626 540
787 559 839 623 καὶ
870 560 929 622 νῦν
961 551 1012 622 δύ’
1034 546 1128 622 οὖσαν
1160 562 1319 637 μίμνομεν
1348 556 1422 636 μιᾶς
1453 547 1519 619 ὑπὸ
1556 557 1693 642 χλαιυής

247 660 481 745 ὑπαγκάλισμα,
512 668 531 728 i.
559 655 1027 741 naturamnaturaim
1051 654 1259 743 Ἡρακλέουςς
1292 658 1362 726 OT.
1399 659 1472 741 560,
1505 659 1560 727 Tr.
1596 663 1690 740 1213,

246 765 315 831 00.
337 768 410 833 325.
466 766 646 854 Euripides
679 775 754 830 sunt
786 762 961 845 μελάθρων
993 760 1139 844 τάραγμα
1171 762 1343 845 ταρτάρων
1376 762 1449 828 HF.
1483 765 1557 840 907,
1594 765 1688 848 1091,

246 866 355 953 Ζηνὸς
370 867 454 952 ἔχεις
476 869 611 933 κυλίκων
632 868 790 948 πλήρωμα
812 867 868 932 Tr.
892 867 964 946 824,
987 863 1183 948 θεράπευμα
1204 870 1323 930 τέκνων
1346 865 1417 932 HF.
1442 867 1515 948 633,
1545 856 1625 949 ἡνίκ’
1648 858 1690 931 άν

243 967 385 1054 φοβεράν
406 969 493 1057 φύγῃ
513 971 518 1055 Ι
536 962 658 1055 θήραμ’
680 966 738 1042 ἔξω
759 970 902 1050 φυλακᾶς
923 971 981 1036 Ba.
1004 970 1076 1050 869,
1099 972 1155 1035 ubi
1180 970 1294 1035 eodem
1316 972 1400 1051 iure,
1431 992 1495 1056 quo
1519 967 1690 1035 Nauckius

245 1072 352 1159 θήραν
374 1076 514 1160 scripsit,
536 1077 707 1140 restituere
730 1075 807 1138 licet
828 1072 986 1156 φοβερόν,
1010 1073 1074 1137 alia
1097 1074 1250 1156 leguntur
1272 1071 1327 1144 su.
1343 1072 1417 1152 209,
1443 1072 1512 1150 HF,
1527 1075 1602 1154 459,
1614 1075 1690 1156 992,

246 1177 306 1243 Ph.
332 1177 422 1251 1743,
446 1178 505 1244 IA.
531 1179 623 1257 1243,
647 1175 703 1243 Or.
727 1177 779 1256 50,
800 1177 873 1257 442,
897 1174 957 1260 (λγ.
982 1176 1054 1241 205.
1099 1176 1200 1261 Apud
1238 1187 1365 1240 ceteros
1398 1176 1542 1259 tragicos
1577 1177 1687 1240 inveni

246 1278 368 1344 Critiae
390 1281 431 1346 fr.
456 1283 482 1361 1,
506 1277 563 1345 ubi
585 1281 625 1344 de
650 1300 749 1344 aurea
772 1288 879 1342 aetate
909 1278 991 1343 hacc
1019 1279 1122 1342 verba
1152 1278 1250 1357 fiunt3
1282 1269 1331 1339 ὅτ’
1361 1269 1454 1340 οὐδὲν
1483 1261 1586 1341 ἆθλον
1615 1273 1689 1341 οὔτε

244 1387 311 1452 τοῖς
332 1377 501 1445 ἐσθλοῖσιν
521 1367 572 1466 ήν,
596 1376 662 1445 οὔτ’
685 1370 724 1443 αδ
744 1379 891 1460 κόλασμα
913 1387 978 1452 τοῖς
999 1388 1107 1450 κακοῖς
1127 1376 1276 1460 ἐγίγνετο.
1351 1379 1356 1388 ’

351 1501 437 1567 Huic
456 1512 566 1566 autem
588 1500 724 1585 regulae
739 1503 888 1586 usurpati
907 1500 1163 1585 singularis-non
1175 1514 1359 1586 repugnant
1374 1522 1489 1564 versus
1512 1500 1586 1566 Hel.
1605 1502 1688 1566 1623

243 1600 295 1666 κεί
305 1604 366 1680 μὲν
381 1599 419 1686 ήν
437 1597 596 1682 ἁλώσιμος
609 1602 684 1672 ναῦς
699 1599 882 1684 διώγμασιν,
898 1603 959 1668 Eu.
976 1603 1037 1667 139
1058 1597 1150 1674 ἕπου,
1172 1599 1308 1684 μάραινε
1328 1602 1488 1682 δευτέροις
1503 1597 1687 1681 διώγμασιν,

245 1705 372 1790 quibus,
395 1707 458 1770 nisi
487 1709 629 1770 activam
657 1705 819 1789 intellegis
849 1706 1014 1770 nominum
1037 1706 1112 1787 vim,
1136 1704 1272 1790 pluralis
1295 1704 1379 1769 bene
1401 1704 1584 1769 illustratur
1606 1691 1703 1770 vero¹

243 1808 302 1874 illo
325 1808 456 1894 plurali,
480 1831 577 1895 quem
600 1809 739 1892 legimus
761 1807 818 1872 IT.
845 1807 926 1873 1428
949 1801 988 1878 ὥς
1011 1802 1044 1868 r'a
1065 1801 1232 1890 θαλάσσης
1255 1802 1289 1868 ἔκ
1310 1827 1346 1868 τε
1366 1804 1421 1889 γῆς
1442 1803 1669 1886 ἱαπεύμασινΙ

243 1907 394 1990 λαβόντες
415 1907 539 1980 αὐτούς.
584 1910 769 1976 Luculenta
791 1920 901 1975 autem
925 1910 990 1974 duc
1014 1908 1176 1994 exempla,
1198 1909 1254 1973 ubi
1276 1911 1325 1974 vis
1350 1912 1459 1974 activa
1493 1920 1526 1976 et
1554 1913 1692 2002 passiva

246 2015 338 2079 iuxta
360 2014 488 2098 positae
512 2025 586 2080 sunt
608 2014 739 2079 diverso
762 2034 907 2094 numero,
923 2014 1105 2077 invenimus
1121 2011 1174 2075 Αἰ.
1197 2012 1258 2077 631
1283 2034 1354 2098 sqq.
1377 2009 1592 2093 χερόπλακτοι
1614 2010 1668 2084 δἸ

246 2112 283 2179 ἐν
306 2121 467 2199 στέρνοισι
486 2116 663 2180 πεσοῦνται
682 2121 687 2196 Ι
706 2114 823 2179 δοῦπον
841 2115 895 2177 καὶ
917 2113 1032 2185 πολιάς
1053 2108 1182 2193 ἄμυγμα
1202 2113 1322 2193 χαίτας,
1344 2115 1399 2180 ubi
1423 2129 1527 2180 metro
1541 2118 1691 2202 cogimur

244 2229 373 2285 mutare
406 2219 491 2284 bene
524 2219 680 2284 traditum
713 2217 797 2282 illud
820 2210 995 2299 άμύγματα,
1026 2230 1057 2282 et
1086 2217 1164 2284 Eur.
1190 2220 1254 2284 An.
1285 2218 1347 2283 826
1380 2214 1552 2296 σπάραγμα
1586 2217 1689 2298 κόμας

244 2315 367 2400 ὀνύχων
390 2343 426 2387 τε
446 2312 512 2385 δάι’
536 2314 704 2402 ἄμύγματα
724 2315 879 2404 θήσομαι,
901 2319 958 2385 ubi
978 2315 1063 2403 κόμη
1087 2320 1262 2403 obiectum,
1286 2314 1398 2396 ὄνυχες
1420 2321 1602 2386 subiectum
1628 2339 1686 2388 est.

353 2440 576 2526 Cognovimus
598 2442 699 2524 igitur
721 2441 770 2505 his
793 2463 878 2526 quae
901 2439 1104 2526 praecedunt
1126 2463 1246 2506 novum
1270 2463 1365 2507 usum
1387 2442 1552 2505 nominum
1575 2443 1608 2504 in
1629 2462 1687 2520 μα,

246 2567 266 2607 a
299 2543 471 2628 tragoedia
506 2546 674 2611 inventum
714 2558 747 2608 et
783 2543 961 2626 excultum,
1000 2565 1098 2630 quem
1135 2566 1213 2607 num
1250 2554 1434 2630 temporum
1469 2545 1687 2627 posteriorum

244 2647 421 2732 scriptores
443 2648 564 2711 imitari
587 2649 717 2712 omnino
748 2648 817 2712 ausi
848 2649 921 2724 sint,
943 2645 1043 2711 valde
1067 2645 1191 2711 dubito.
1237 2646 1268 2710 A
1289 2645 1401 2710 verbis
1424 2646 1549 2711 scilicet
1571 2650 1688 2711 transi·

244 2750 321 2812 tivis
344 2747 494 2812 derivata
517 2752 648 2813 nomina
669 2751 703 2812 in
732 2770 778 2828 μα
814 2751 921 2813 active
953 2748 1157 2834 usurpabant
1194 2749 1311 2832 tragici
1345 2748 1460 2814 eodem
1491 2748 1691 2832 significatu,

244 2871 310 2935 quo
332 2849 391 2913 illa
412 2851 446 2915 in
468 2871 538 2932 μος,
568 2860 601 2914 et
623 2863 660 2914 ut
681 2851 769 2916 hunc
791 2873 911 2916 novum
935 2872 1030 2916 usum
1057 2854 1129 2936 ipsc
1152 2873 1287 2916 numero
1313 2851 1477 2933 efferrent,
1502 2851 1688 2938 pluralibus

243 2963 370 3018 tantum
394 2955 440 3019 eis
463 2955 647 3019 nominibus
670 2954 858 3024 utebantur.
902 2952 1001 3018 Illum
1024 2955 1108 3017 enim
1131 2954 1306 3040 pluralem,
1329 2965 1365 3018 ut
1389 2955 1457 3018 fere
1490 2952 1562 3026 fit1)
1592 2953 1688 3018 intel·

244 3055 421 3140 legendum
443 3079 507 3120 non
532 3079 602 3120 esse
625 3078 740 3120 verum
762 3055 936 3142 pluralem,
967 3057 1012 3121 ita
1046 3056 1182 3135 scilicet,
1214 3070 1249 3121 ut
1281 3056 1443 3140 significet
1476 3059 1598 3140 genera
1632 3055 1687 3119 vel

245 3157 368 3242 gradus
391 3160 539 3236 actionis,
563 3159 730 3224 evidenter
753 3159 914 3243 probatur
930 3141 1066 3224 numero
1083 3160 1136 3224 illo
1154 3160 1320 3243 singulari,
1345 3181 1441 3244 quem
1464 3159 1690 3244 sequebantur

242 3264 385 3342 nomina,
409 3283 495 3347 quae
517 3260 560 3326 ab
582 3263 797 3327 intransitivis
820 3261 919 3326 ducta
943 3271 1045 3326 erant.

350 3379 422 3444 lam
451 3403 525 3446 cum
557 3379 598 3444 de
628 3379 749 3466 plurali
779 3381 883 3444 verba
909 3382 1022 3444 facere
1045 3382 1248 3462 instituerim,
1276 3394 1389 3447 cetera
1413 3384 1510 3447 etiam
1534 3361 1689 3466 exempla

246 3484 414 3548 nominum
436 3485 468 3547 in
491 3504 537 3562 μα
559 3484 769 3556 enumerabo,
792 3484 910 3569 quibus
932 3485 959 3547 is
979 3506 1133 3548 numerus
1156 3483 1282 3568 legitur.

352 3586 404 3651 Ac
426 3588 567 3672 primum
590 3587 723 3671 quidem
746 3586 919 3671 pluraliter
939 3585 1185 3671 usurpabantur
1219 3587 1350 3650 nomina
1380 3584 1564 3667 collectiva,
1593 3583 1688 3648 velut

243 3684 441 3768 οἰμώγματα,
467 3685 662 3767 δακρύματα,
693 3677 865 3770 ὀδύρματα,
892 3679 1070 3766 κωκύματα,
1101 3682 1269 3768 ύλάγματα,
1300 3691 1521 3768 θεσπίσματα,
1552 3682 1688 3766 Ιβουλεύ-

240 3809 340 3873 ματα,
376 3787 591 3870 μαντεύματα,
614 3786 849 3872 νουθετήματα,
873 3787 1076 3871 φρυάγματα,
1099 3789 1306 3872 ποιφύγματα
1326 3787 1532 3874 κηρύγματα,
1557 3784 1690 3865 στενάγ·

240 3912 342 3971 ματα,
372 3889 570 3971 οἵκτίσματα,
603 3891 668 3957 alia
691 3893 786 3957 huius
823 3895 962 3975 generis,
996 3895 1111 3979 paucis
1139 3904 1267 3957 tantum
1298 3896 1456 3977 exeeptis,
1479 3894 1537 3957 ubi
1560 3903 1688 3955 ceruum

194 4065 199 4075 ,
244 4017 348 4060 unum
384 3996 571 4080 exemplum
607 3995 736 4074 dicitur,
770 3996 862 4060 velut
894 3994 947 4061 Pr.
974 3996 1034 4060 183
1058 3993 1160 4068 δεῖξαι
1191 3991 1231 4056 τὸ
1260 3989 1332 4058 νέον
1354 3989 1502 4075 βούλευμ’
1525 3987 1579 4073 ἀφ’
1606 3985 1692 4056 ὅτου

242 4098 408 4180 σκήπτρου
429 4093 523 4176 τιμάς
545 4093 572 4159 τ’
591 4088 800 4177 ἀποσυλᾶται,
816 4094 885 4162 OT.
898 4098 972 4179 350,
987 4098 1052 4163 Με.
1068 4097 1141 4173 685,
1165 4099 1218 4162 Su.
1236 4098 1309 4179 439,
1326 4097 1366 4162 al.
1403 4098 1530 4162 Deinde
1548 4096 1688 4182 pluralis

242 4196 434 4283 ponebatur
455 4200 630 4283 singularis
650 4199 723 4265 loco
747 4222 929 4286 paucorum
951 4202 1119 4266 nominum
1142 4200 1184 4265 ab
1215 4202 1428 4266 intransitivis
1465 4200 1576 4265 verbis
1610 4198 1691 4263 duc·-

248 4314 366 4384 tcrum,
391 4324 476 4386 quae
499 4316 608 4366 tamen
632 4324 771 4389 semper,
795 4325 859 4389 quo
882 4303 979 4368 modo
1002 4302 1200 4387 explicanda
1223 4305 1296 4384 sint,
1318 4307 1391 4390 ipsa
1405 4325 1485 4390 prae
1509 4325 1543 4366 se
1566 4303 1689 4382 ferunt,

240 4406 335 4470 velut
357 4405 496 4488 legimus
517 4405 573 4470 Pe.
592 4406 655 4470 235
675 4404 751 4487 τήλε
773 4402 858 4487 πρὸς
880 4407 1018 4486 δυσμαῖς
1039 4399 1174 4474 ἄνακτος
1187 4399 1303 4470 Ἡλίου
1327 4402 1574 4487 φθινασμάτων,
1597 4403 1686 4489 apud

240 4505 435 4591 Euripidem
451 4529 500 4588 ea,
509 4507 628 4593 quibus
644 4509 729 4572 actio
747 4509 908 4594 quaedam
919 4510 1110 4573 continuata
1120 4508 1175 4571 vel
1183 4511 1364 4595 composita
1379 4507 1590 4594 significatur,
1601 4525 1694 4592 quae·

240 4610 342 4693 igitur
366 4631 401 4673 re
424 4631 514 4692 vera,
535 4619 573 4673 ut
595 4632 695 4696 supra
709 4612 775 4675 iam
791 4610 868 4693 dixi,
885 4611 1026 4697 pluralia
1040 4633 1100 4699 pro
1117 4609 1336 4694 singularibus
1351 4632 1416 4674 non
1431 4612 1690 4698 usurpabantur,

346 4778 367 4849 ¹)
386 4776 431 4833 Cf.
450 4733 662 4837 Kuehner'l..l.
680 4776 752 4848 111,
774 4780 816 4836 16.
