3796 5518
870 434 1081 499 ..48-

251 617 377 698 netur“‚
410 617 453 684 ad
491 639 590 705 quam
622 619 925 703 interpretationem
962 619 1065 684 ducor
1098 624 1197 685 etiam
1230 620 1425 686 scholiastae
1473 624 1693 707 annotatione,

193 793 201 809 ‚
253 745 338 810 quae
361 730 409 786 est
430 716 598 804 βοήθησον
620 707 704 784 (ἴστε
724 713 770 804 μὴ
791 713 860 782 άπὸ
883 721 946 783 τῶν
967 721 1133 800 πολεμίων
1153 711 1273 786 ἅλωσιν
1295 726 1455 806 γενέσθαι,
1478 748 1553 790 oum
1576 749 1692 792 recens

253 825 351 890 aliam
381 823 471 888 illam
512 845 610 908 quam
643 824 835 911 impugnavi
868 831 999 889 secutus
1037 825 1079 888 sit
1113 827 1200 889 viam
1234 825 1380 890 scribens
1410 820 1528 909 ἄρηξον
1549 820 1607 894 τὴν
1627 823 1693 892 τῶν

252 925 417 1005 πολεμίων
437 920 671 1005 καταστροφήν.
716 925 869 992 Genetivi
893 936 1001 990 autem
1024 925 1112 991 illius
1133 929 1254 992 nomini
1275 930 1406 1014 passivo
1431 930 1576 994 adiuncti
1596 952 1691 1017 prae·

190 1040 192 1043 ’
253 1029 379 1094 clarum
402 1028 590 1117 exemplum
615 1037 663 1092 est
683 1050 799 1093 versus
823 1026 880 1094 Or.
904 1028 976 1110 723,
1000 1030 1055 1114 qui
1078 1027 1200 1113 legitur
1230 1021 1309 1093 ὅποι
1326 1024 1530 1113 τραπόμενος
1550 1031 1695 1095 θάνατον

251 1127 404 1215 Ἀργείων
425 1129 512 1211 φάγω
521 1128 555 1217 ¹).

356 1234 515 1298 Infinitivi
545 1232 602 1297 illa
630 1236 681 1297 vis
711 1243 744 1297 et
774 1235 873 1298 activi
903 1246 935 1298 et
963 1236 1086 1321 passivi
1116 1237 1296 1321 praecipua
1319 1248 1368 1300 est
1390 1239 1556 1302 nominum
1576 1237 1610 1301 in
1633 1253 1693 1306 αις.
1746 1297 1752 1308 .

255 1336 320 1403 Sed
336 1336 465 1408 Graeci,
489 1345 612 1422 quanta
635 1345 729 1400 erant
751 1335 885 1401 licentia
906 1338 939 1400 in
962 1339 1160 1422 usurpandis
1183 1339 1320 1418 suffixis,
1343 1338 1383 1402 de
1404 1361 1470 1424 qua
1485 1339 1571 1404 infra
1586 1361 1693 1422 agam,

253 1441 329 1504 huic
360 1461 492 1524 quoque
522 1438 739 1522 significatum
770 1440 935 1526 participii
964 1441 1087 1525 passivi
1110 1440 1343 1507 attribuebant.
1389 1440 1490 1528 Apud
1511 1441 1695 1507 Homerum

254 1543 394 1628 legimus
425 1564 453 1608 e.
483 1563 515 1624 g.
546 1534 656 1622 ἄροσις
684 1562 745 1624 pro
769 1563 850 1624 agro
872 1563 885 1603 ι
909 1541 980 1621 134,
1003 1545 1203 1627 tragicorum
1226 1557 1275 1609 est
1297 1540 1430 1627 οἴκησις,
1462 1544 1551 1629 quod
1573 1542 1694 1627 legitur

255 1669 283 1710 e.
306 1668 336 1730 g.
367 1643 485 1710 Aes‘ch.
516 1643 570 1708 Su.
597 1643 689 1724 1020,
720 1641 819 1729 Sopb.
850 1644 914 1710 An.
946 1644 1018 1727 892,
1047 1646 1106 1713 Ph.
1130 1647 1181 1712 31.
1226 1646 1304 1711 Alia
1334 1656 1443 1711 autem
1473 1646 1567 1710 huius
1597 1647 1695 1729 signi-

255 1748 372 1812 ficatus
417 1747 548 1809 nomina
594 1745 855 1828 repudiabuntur
908 1750 1047 1830 omnino,
1090 1747 1230 1833 ideoque
1275 1752 1420 1813 maxime·
1461 1748 1574 1814 dubito
1621 1770 1695 1813 cum

255 1850 415 1932 Seidlero,
441 1870 538 1934 quem
562 1869 675 1912 omnes
698 1848 767 1912 fere
791 1851 894 1914 secuti
917 1863 999 1928 sunt,
1022 1847 1091 1917 00.
1113 1853 1190 1932 9s11

562 1939 640 2029 ἄλλ’,
664 1937 688 2010 οἴ
711 1954 832 2028 τέκνον,
854 1951 1017 2025 θάκοισιν,
1040 1950 1075 2016 εἴ
1091 1975 1163 2016 τινα
1183 1952 1313 2035 βλέπεις

563 2046 584 2136 ἢ
604 2047 691 2133 πρὸς
711 2045 857 2136 βεβήλοις
879 2044 899 2136 ἢ
920 2048 1006 2137 πρὸς
1031 2051 1164 2118 ἄλσεσιν
1184 2057 1283 2140 θεῶν,

562 2149 687 2238 στῆσόν
708 2177 750 2236 με
771 2148 960 2238 κᾶξίὸρνσον

256 2283 317 2347 pro
351 2254 503 2324 θάκοισιν
536 2259 647 2344 legere
679 2253 826 2343 θάκησιν.
882 2260 1028 2325 Primum
1063 2263 1148 2326 enim
1177 2263 1357 2326 monuerim
1386 2263 1500 2324 θακεῐν
1529 2283 1594 2326 non
1624 2283 1695 2325 esse

255 2363 394 2429 verbum
431 2363 649 2444 transitivum,
685 2384 759 2426 cum
795 2363 874 2426 nihil
914 2363 1074 2450 probetur
1114 2387 1214 2430 versu
1247 2365 1300 2430 Pr.
1336 2363 1401 2429 405
1436 2367 1508 2426 νέον
1540 2363 1695 2425 θακοῦντι

256 2471 446 2547 παγκρατεῖς
475 2459 581 2545 ἕδρας,
614 2487 679 2550 quo
710 2468 934 2532 accusativum
965 2460 1058 2548 ἕδρας
1085 2466 1249 2532 obiectum
1280 2465 1368 2554 quod
1398 2467 1513 2532 dicunt
1534 2467 1696 2530 internum

257 2572 446 2656 accipimus,
475 2569 520 2632 ita
557 2579 603 2648 ut,
641 2588 706 2652 quo
745 2570 932 2634 coniectura
971 2568 1137 2652 fulciatur,
1182 2570 1363 2653 confugere
1407 2591 1472 2632 non
1517 2568 1615 2632 liceat
1652 2565 1696 2631 ad

256 2694 375 2736 nomen
409 2669 497 2756 quod
533 2680 582 2733 est
614 2665 741 2752 οἴκησις,
777 2673 859 2735 sicut
888 2670 1027 2736 Jebbius
1058 2672 1100 2736 ad
1132 2672 1154 2736 l.
1184 2672 1273 2738 fecit.
1316 2671 1446 2736 Deinde
1476 2681 1583 2736 autem
1606 2669 1695 2755 quod

257 2775 414 2839 traditum
437 2783 485 2838 est
506 2766 657 2835 θάκοισιν
679 2773 801 2838 bonum
816 2796 887 2838 esse
911 2783 1051 2860 apparet
1075 2784 1107 2837 et
1122 2775 1328 2840 retinendum
1345 2783 1404 2838 est.
1436 2773 1594 2840 Dativum
1610 2773 1696 2835 enim

257 2876 413 2961 intellego
456 2875 645 2952 locativum‚
690 2897 786 2960 quem
832 2877 1094 2958 coniungendam
1131 2898 1200 2940 esse
1237 2886 1317 2962 puto
1356 2898 1430 2940 cum
1468 2876 1596 2941 duobus
1633 2875 1697 2939 illis

257 2980 471 3065 imperativiS,
493 2987 529 3042 ut
543 2978 623 3042 Eur.
642 2977 693 3041 El.
709 2979 807 3058 31415
830 2979 967 3063 legimus
988 2976 1092 3062 μητηρ
1109 2969 1138 3040 δ’
1160 2971 1221 3062 ἐμὴ
1243 2981 1431 3062 Φρυγίοισιν
1454 2974 1489 3041 ἐν
1504 2977 1700 3058 σκνλεὺμασι

257 3077 371 3163 θρόνῳ
398 3079 548 3164 κάθηται.
594 3077 750 3164 Βεβὴλοις
778 3092 888 3146 autem
918 3085 1027 3147 neutri
1056 3084 1185 3166 generis
1215 3104 1286 3146 esse
1312 3083 1396 3163 dico,
1428 3091 1464 3147 ut
1490 3081 1548 3145 167
1572 3071 1699 3161 άβάτων

258 3177 384 3266 άποβᾶς
406 3180 515 3265 φάναι,
537 3204 657 3268 neque,
689 3205 755 3268 qua
777 3206 841 3247 una
864 3186 918 3248 via
941 3183 1080 3248 Jebbius
1103 3185 1242 3248 verbum
1264 3185 1422 3248 traditum
1446 3181 1578 3249 defendi
1601 3204 1698 3267 posse

258 3287 398 3374 putavit,
408 3288 569 3370 coniungo
581 3281 712 3347 θάκοισι
730 3280 816 3365 πρὸς
832 3281 979 3369 βεβήλοις
993 3285 1121 3371 στῆσον,
1131 3310 1204 3350 cum
1216 3288 1310 3351 nimis
1322 3287 1488 3373 implicata
1503 3295 1589 3350 esset
1600 3285 1698 3350 collo·

261 3391 346 3453 catio
369 3389 559 3469 verborum,
588 3409 696 3471 neque
718 3391 993 3476 praepositionem
1023 3387 1106 3470 πρὸς
1127 3390 1231 3454 verba
1251 3389 1310 3453 illa
1332 3389 1394 3453 hoc
1416 3388 1488 3454 loco
1509 3387 1699 3454 tolerarent.

260 3491 402 3557 Pluralis
433 3505 543 3555 eutem
573 3485 722 3554 θάκοισιν
750 3492 946 3574 generaliter
977 3493 1084 3557 dictus
1108 3502 1157 3557 est
1181 3493 1222 3557 de
1244 3491 1387 3572 sedibus,
1417 3495 1450 3554 in
1473 3513 1612 3576 quarum
1634 3513 1699 3554 una

260 3594 430 3660 considere
468 3595 556 3678 cupit
594 3591 752 3679 Oedipus,
784 3616 890 3680 neque
926 3603 974 3660 est
1009 3596 1096 3681 quod
1132 3599 1204 3681 quis
1237 3595 1382 3660 offendat
1410 3596 1443 3658 in
1474 3615 1611 3658 numero
1641 3591 1698 3655 illo
1740 3617 1742 3622 ·

259 3699 386 3761 variato
409 3693 674 3777 otacrum-unt,
707 3719 847 3781 quocum
871 3699 993 3783 optime
1016 3699 1157 3763 conferri
1180 3708 1318 3785 possunt
1338 3720 1453 3762 versus
1476 3696 1559 3762 Heo.
1580 3694 1701 3776 359l60

259 3791 360 3863 ἔπειτ’
382 3795 458 3867 ἴσως
479 3789 519 3860 ἄν
537 3798 706 3860 δεσποτῶν
729 3791 823 3878 ὠμῶν
845 3805 963 3880 φρένας
984 3792 1107 3880 τύχοιμ’
1129 3796 1178 3881 ἄν,
1205 3793 1293 3866 ὅστις
1316 3791 1455 3880 άργάρον
1477 3793 1510 3878 μ’
1536 3789 1700 3880 ὠνήσεται,

259 3904 323 3968 Me.
346 3901 477 3984 219120,
498 3901 557 3965 ΙΑ.
580 3901 709 3981 688γ90.

362 4003 488 4070 Eadem
523 4014 633 4069 autem
661 4003 701 4067 de
724 4027 833 4087 causa,
864 4027 930 4091 qua
951 4006 1049 4070 modo
1074 4006 1224 4070 codicum
1248 4005 1443 4091 scripturam
1467 4027 1487 4068 a
1510 4006 1700 4068 coniectura

261 4108 403 4188 defendi,
427 4105 614 4192 significatu
637 4106 763 4170 scilicet
792 4107 940 4172 sollemni
962 4109 1129 4173 nominum
1151 4110 1184 4171 in
1207 4125 1267 4183 σις,
1296 4109 1469 4172 reiciamus
1491 4128 1625 4170 necesse
1650 4115 1700 4170 est

261 4233 388 4292 nomen,
405 4212 493 4295 quod
510 4209 610 4296 Soph.
629 4209 688 4274 Ph.
705 4211 769 4275 534
786 4210 934 4294 legimus,
950 4212 1007 4276 ubi
1022 4211 1217 4292 Philocteta,
1242 4211 1293 4273 eui
1315 4209 1552 4296 Neoptolemus
1575 4207 1701 4273 reditus

261 4335 354 4400 spem
376 4312 514 4397 aperuit,
538 4312 719 4376 exclamat:

568 4411 676 4494 ἴωμεν,
699 4403 724 4474 οἴ
746 4422 817 4497 παῖ,
841 4411 1064 4495 πρασκὺσαντε
1085 4408 1143 4498 τὴν
1167 4411 1230 4478 ἔσω

567 4511 681 4580 ἄοικον
704 4515 889 4600 εἰσοίκησιν,
912 4512 955 4588 ὥς
975 4540 1017 4598 με
1038 4519 1091 4582 καὶ
1111 4517 1222 4603 μάθῃς

569 4610 626 4701 ἀφ’
646 4605 691 4681 ὧν
714 4618 825 4691 διέζων
848 4612 889 4690 ὥς
911 4613 940 4683 τ’
963 4618 1044 4702 ἔφαν
1065 4614 1238 4701 εἴκάρδιος.

263 4721 471 4787 Vocabulum
494 4723 579 4785 enim
602 4714 787 4806 εἰσοίκησις,
819 4724 920 4787 semel
942 4732 1069 4789 tantum
1093 4724 1227 4807 dictum,
1255 4723 1318 4788 hoo
1341 4722 1413 4787 loco
1436 4721 1584 4806 intellegi
1605 4742 1702 4806 posse

367 4856 388 4927 ¹)
408 4856 451 4911 Cf.
470 4856 634 4926 Brugmann
653 4857 671 4911 l.
690 4857 709 4913 l.
727 4875 754 4926 p.
773 4857 833 4912 393.
