3796 5518
849 415 1060 480 ...61-

235 602 376 669 videtur.
406 601 608 686 Metonymia
619 599 687 683 illa,
705 617 771 687 qna
791 624 830 666 ea
841 604 891 668 vis
905 602 1120 684 efficiebatur,
1138 625 1211 670 cum
1228 606 1351 672 seilicet
1365 608 1565 676 abstractum
1581 633 1679 678 occu·

235 717 332 792 paret
355 704 464 770 locum
486 705 643 786 concreti,
664 706 846 770 inveterata
869 718 901 770 ct
920 727 1019 771 cursu
1040 709 1198 792 temporis
1220 709 1266 772 ita
1287 723 1472 795 propagata
1496 721 1575 795 erat,
1598 724 1676 780 uta

236 810 373 892 tragicis
390 807 530 894 quodvis
541 807 903 892 nomenensigniiicatu
919 810 1034 876 instrui
1049 824 1170 895 posset.
1202 811 1394 878 Tenendum
1418 821 1526 878 tamen
1544 824 1593 880 est
1608 817 1677 880 vim

235 910 323 976 illam
337 911 690 998 participialem,'quae
707 911 858 992 efficitur,
874 934 1003 998 semper
1020 915 1178 997 temporis
1193 915 1377 999 praesentis
1393 935 1483 997 esse;
1500 920 1631 999 πέσημα
1642 928 1675 982 et

235 1008 404 1105 βλάστημα
427 1014 470 1080 ad
492 1015 560 1078 vim
582 1016 746 1099 passivam
769 1015 874 1099 magis
896 1013 1054 1080 accedere
1078 1037 1232 1102 snprap.
1254 1017 1294 1082 51
1319 1016 1459 1096 οεῐοιιόί.Ι
1500 1017 1547 1082 Ut
1569 1030 1680 1084 autem

236 1137 361 1200 genere
381 1123 498 1182 neutro
521 1115 763 1201 postulabatur,
783 1117 875 1181 initio
898 1116 978 1182 haec
994 1119 1125 1181 nomina
1140 1117 1383 1202 usurpabantnr
1398 1119 1439 1186 de
1454 1122 1679 1188 instrumentis

240 1218 290 1284 vel
315 1218 425 1300 rebus,
459 1240 522 1283 non
547 1219 588 1284 de
611 1218 803 1285 bominibus.
834 1218 914 1284 Eius
937 1219 1025 1284 modi
1050 1219 1137 1304 apud
1160 1220 1341 1286 Homerum
1356 1221 1437 1288 haec
1451 1224 1680 1296 inveniuntur:
1751 1225 1753 1228 ’

235 1318 366 1404 ἄγαλμα
388 1323 414 1384 o
434 1321 508 1402 509,
537 1322 578 1386 de
608 1323 700 1385 cuius
729 1320 915 1404 significatu
945 1341 1022 1386 mox
1053 1321 1158 1386 dicam
1190 1345 1294 1408 aeque
1319 1346 1357 1388 ac
1380 1324 1420 1388 de
1444 1346 1482 1390 eo
1518 1328 1607 1412 quod
1629 1341 1677 1398 est
1728 1379 1731 1384 .

236 1421 371 1507 ἄθυρμα
394 1443 414 1490 o
435 1425 509 1506 323,
539 1416 661 1504 ἄκοσμα
683 1423 712 1488 O
737 1425 809 1506 394,
838 1422 966 1508 δήλημα
986 1446 1012 1504 μ
1033 1426 1106 1507 286,
1137 1422 1249 1504 εἴλυμα
1276 1424 1294 1498 ζ
1319 1427 1389 1508 179,
1417 1423 1520 1508 ἔρυμα
1548 1431 1581 1492 Δ
1607 1432 1682 1514 137,

236 1525 351 1610 ἔρισμα
379 1535 411 1594 Δ
440 1527 492 1607 38,
525 1525 672 1606 κάλυμμα
702 1527 734 1590 Ω
761 1527 815 1608 93,
841 1526 989 1606 μείλιγμα
1017 1552 1036 1590 κ
1058 1529 1131 1593 217.
1182 1526 1283 1613 Apud
1312 1529 1489 1596 Pindarum
1519 1535 1683 1618 pauciora.

237 1633 404 1719 leguntur:
427 1625 552 1711 ἄγαλμα
574 1630 614 1694 N.
631 1631 662 1711 3,
685 1629 740 1711 13;
763 1625 898 1709 ἄθυρμα
920 1630 959 1696 P.
975 1631 1006 1712 5,
1022 1632 1081 1713 23;
1103 1625 1227 1709 άκεσμα
1249 1630 1286 1696 P.
1302 1631 1332 1711 5,
1347 1632 1406 1713 643
1430 1625 1534 1716 ὄχημα
1548 1635 1587 1699 l'r.
1606 1637 1677 1717 106,

238 1731 436 1817 στεφάνωμα
457 1735 494 1799 Ρ.
524 1731 622 1816 1,50.
667 1733 884 1817 Tragioorum
915 1745 1025 1798 autem
1055 1735 1123 1798 tam
1152 1735 1287 1818 propria
1317 1747 1393 1799 sunt
1420 1735 1501 1800 haee
1534 1739 1681 1821 nomina,

239 1847 272 1902 ut
296 1839 470 1922 fatigarem
493 1836 651 1920 legentes,
674 1836 702 1898 si
725 1836 834 1899 omnia
859 1856 1095 1916 enumerarem,
1119 1835 1249 1920 quade
1273 1858 1372 1902 causa
1395 1837 1517 1902 selecta
1540 1852 1677 1918 tantum,

238 1940 357 2026 quibus
379 1939 504 2025 aliquid
527 1939 603 2004 novi
627 1936 783 2019 discatur,
813 1937 874 2001 hoc
901 1937 973 2002 loco
997 1937 1270 2004 commemorabo.
1317 1938 1361 2003 Ut
1383 1943 1513 2005 omnino
1535 1943 1682 2025 nomina,

238 2044 358 2129 quibus
380 2043 595 2107 instrumenta
618 2040 850 2124 significantur,
873 2042 920 2106 ita
949 2042 1081 2127 passiva
1112 2043 1209 2105 etiam
1246 2042 1280 2104 in
1315 2060 1361 2119 μα
1391 2052 1424 2106 et
1458 2045 1677 2130 participialia

237 2145 410 2232 pluraliter
439 2166 563 2230 ponere
595 2141 746 2208 solebant
775 2153 893 2228 poetae
922 2145 1048 2228 tragici.
1093 2143 1281 2226 Aeschyleo
1303 2157 1411 2210 autem
1436 2147 1514 2212 sunt
1535 2146 1591 2213 Pe.
1613 2147 1684 2214 610

236 2243 346 2326 Ιτοιγάρ
368 2245 523 2310 κελευθον
544 2232 631 2329 τήνδ’
654 2239 731 2308 ἄνευ
753 2241 778 2307 τ’
794 2241 964 2330 ὀχημάτων
986 2245 1095 2330 χλιδῆς
1104 2265 1141 2308 τε
1155 2244 1211 2329 τῆς
1225 2244 1387 2334 πάροιθεν
1402 2242 1437 2310 ἐκ
1450 2247 1564 2326 δόμων
1579 2245 1677 2312 πάλιν

238 2347 372 2432 ἔστειλα,
395 2351 457 2434 Ag.
480 2349 559 2414 1032
583 2341 773 2427 ἀγρεόμαια,
797 2346 857 2413 Ob.
873 2349 937 2414 492
958 2342 1156 2428 καλύμματα,
1178 2349 1241 2432 Ag.
1262 2349 1359 2428 1177;
1382 2349 1468 2435 apud
1484 2350 1675 2438 Euripidem

237 2454 390 2537 leguntur
427 2443 569 2536 όχήμοτα
600 2449 659 2515 ΙΑ.
683 2451 755 2531 610,
785 2450 846 2516 Ph.
869 2450 921 2532 44,
945 2440 1107 2530 ἀγάλματα
1128 2450 1182 2515 Hi.
1209 2451 1278 2532 116,
1308 2447 1494 2531 καλύμματα
1516 2453 1572 2520 ΙΤ.
1595 2455 1659 2520 372
1667 2479 1681 2534 3.

238 2551 461 2639 βακτρεύματα
484 2564 594 2620 autem
616 2553 675 2618 Pb.
689 2555 772 2620 1539
794 2557 960 2641 passivum
984 2565 1045 2628 est,
1066 2565 1103 2619 ut
1125 2551 1275 2635 τόρευμα,
1298 2547 1450 2632 χόρευμα,
1477 2553 1549 2636 alia,
1570 2578 1681 2642 neque-

238 2675 338 2738 recte,
369 2660 582 2742 grammatice
617 2657 759 2742 quidem,
789 2658 831 2723 ab
861 2658 1029 2744 Hesycbio
1054 2659 1251 2744 explicatum
1276 2668 1324 2724 est
1344 2659 1474 2722 nominc
1496 2653 1675 2739 ἐρείσματα.

238 2759 359 2827 Omnia
391 2770 501 2827 autem
534 2761 616 2826 haec
656 2763 787 2826 nomina
822 2761 959 2826 eandem
991 2760 1167 2825 admittunt
1202 2759 1465 2846 explicationem,
1503 2783 1601 2848 quam
1637 2785 1683 2827 ea.

241 2885 326 2950 quae
349 2885 450 2947 supra
473 2864 576 2930 attuli.
626 2861 725 2949 Apud
754 2863 950 2951 Sophoclem
972 2862 1037 2948 legi
1062 2861 1112 2928 El.
1137 2863 1200 2928 740
1223 2857 1373 2946 ὀχήματα
1412 2861 1453 2926 de
1490 2886 1554 2928 uno
1577 2887 1677 2930 curru

238 2967 377 3046 dictum,
399 2967 452 3032 Αἰ.
477 2965 540 3030 245
563 2981 595 3030 et
618 2965 673 3032 Tr.
703 2965 782 3032 1078
804 2962 1001 3045 καλύμματα,
1025 2987 1107 3050 quos
1133 2964 1279 3052 plurales
1309 2965 1487 3029 imitatione
1511 2966 1681 3052 Euripidis

166 3148 170 3155 ¹
239 3070 376 3134 effectos
399 3090 470 3132 esse
492 3067 577 3132 infra
600 3068 842 3138 demonstrabo.

348 3170 400 3235 De
429 3167 614 3236 hominibus
644 3180 753 3236 autem
787 3170 867 3236 haec
897 3171 1029 3239 uomina
1059 3181 1136 3235 ante
1166 3171 1365 3252 tragicorum
1395 3178 1538 3236 aetatem
1560 3171 1682 3236 tralate·

239 3283 367 3339 tantum
397 3272 651 3359 usurpabantur,
680 3296 842 3359 nusquam
872 3273 912 3340 de
937 3277 1015 3360 ipsis
1038 3295 1252 3360 personarum
1273 3271 1468 3338 nominibus.
1513 3273 1683 3339 Homerus

240 3379 308 3441 eius
342 3378 473 3462 generis
506 3376 606 3440 habet
642 3371 773 3460 μήνιμα,
809 3376 842 3440 Χ
879 3377 942 3442 358
980 3375 1103 3457 ιγράζεο
1133 3373 1197 3455 νῦν,
1226 3373 1271 3457 μή
1300 3377 1353 3438 τοτ’
1379 3396 1411 3437 τι
1438 3377 1528 3438 θεῶν
1556 3371 1684 3459 μήνιμα

238 3484 386 3561 γένωμαι,
422 3478 509 3564 quod
545 3485 594 3543 est
629 3502 689 3561 ,ne
724 3501 822 3544 causa
856 3478 993 3544 deorum
1023 3481 1092 3543 irae
1122 3475 1228 3544 fiam“.
1281 3477 1382 3542 Plura
1405 3478 1558 3563 leguntur
1587 3479 1678 3562 apud

238 3581 431 3662 Pindarum,
462 3604 481 3643 a
510 3603 574 3668 qno
611 3579 650 3648 Ο.
680 3586 711 3662 2,
745 3583 765 3645 8
803 3581 911 3646 Thero
942 3597 1080 3647 vocatur
1109 3575 1242 3662 ἔρεισμα
1270 3572 1493 3664 Ἀκράγαντος,
1530 3582 1566 3646 Ρ.
1597 3582 1626 3662 9,
1655 3583 1677 3644 4

240 3683 460 3750 Telesicrates
503 3685 687 3758 διωξίππου
730 3682 927 3766 στεφάνωμα
963 3683 1122 3765 Κυράνας,
1167 3683 1203 3748 Ρ.
1224 3684 1278 3764 10,
1316 3683 1357 3748 59
1394 3685 1521 3748 iuvenis
1558 3683 1684 3750 dicitur·

238 3785 433 3868 παρθένοισι
455 3785 591 3870 μέλημα.
636 3785 823 3871 Tragoedia
846 3798 954 3850 antem
979 3789 1084 3851 causis
1108 3788 1165 3867 eis,
1196 3807 1277 3870 quas
1298 3787 1332 3850 in
1353 3783 1417 3850 fine
1440 3788 1537 3871 primi
1560 3788 1682 3871 capitis-

239 3890 388 3976 exposui‚
413 3887 494 3954 baeo
517 3890 648 3954 nomina
671 3887 711 3953 dc
734 3890 813 3973 ipsis
835 3889 1021 3954 hominibus
1043 3910 1201 3976 usurpare
1223 3899 1353 3974 poterat
1375 3911 1481 3974 neque
1497 3911 1597 3973 parce
1616 3889 1678 3953 bac

239 3992 399 4056 facultate
442 4014 501 4056 sua
544 3993 710 4058 utebatur.
778 3986 931 4075 Κήδευμα
975 3987 1031 4056 Or.
1064 3992 1138 4070 477,
1175 3986 1333 4070 δούλευμα
1370 3990 1469 4075 Soph.
1507 3991 1570 4058 An.
1606 3991 1677 4073 756,

241 4097 444 4176 συγκοίμημα
483 4095 558 4160 Eur.
598 4095 662 4160 An.
702 4095 792 4174 1273,
837 4094 999 4174 λάτρευμα
1032 4094 1088 4159 Tr.
1120 4095 1212 4175 1106,
1255 4086 1458 4172 ἁγεμόνευμα
1494 4093 1553 4158 Ph.
1586 4095 1685 4176 1492,

239 4193 367 4275 μίασμα
397 4195 455 4260 Cb.
488 4197 581 4278 1026,
618 4192 792 4280 οἰκοόρημα
814 4196 871 4265 Or.
902 4197 973 4280 928,
1008 4191 1134 4280 λάλημα
1160 4197 1222 4262 An.
1246 4196 1320 4276 937,
1356 4187 1496 4278 ὕβρισμα
1518 4195 1590 4260 ΗΡ.
1616 4196 1675 4262 181

240 4320 348 4384 pauca
387 4322 404 4362 e
438 4298 548 4363 multis
585 4309 669 4380 sunt,
708 4321 792 4386 quae
828 4302 936 4364 omnia
969 4299 1087 4363 afferre
1117 4299 1249 4381 longum
1272 4307 1330 4362 est.
1376 4297 1534 4377 Quamvis
1568 4308 1677 4362 autem

240 4405 282 4468 sit
312 4423 430 4486 magna
453 4405 486 4466 in
518 4402 580 4466 hoc
607 4426 668 4468 usu
698 4404 840 4488 licentia,
870 4405 1039 4468 observari
1067 4415 1174 4468 tamen
1205 4412 1313 4488 potest
1344 4400 1458 4465 eodem
1481 4401 1588 4482 mod0,
1612 4423 1677 4486 quo

241 4527 327 4592 quae
358 4528 458 4591 supra
489 4509 631 4571 tractavi
660 4517 776 4572 neutra
808 4524 838 4573 et
868 4509 1052 4572 communia
1075 4507 1117 4571 de
1138 4504 1249 4570 liberis
1272 4514 1399 4569 tantum
1422 4501 1677 4587 usurpabamus,

239 4609 302 4691 bic,
333 4611 392 4673 ubi
414 4610 643 4696 propinquitas
666 4609 828 4696 quaedam
858 4620 914 4675 aut
944 4609 1093 4674 condicio
1116 4607 1329 4692 significanda
1352 4618 1410 4688 est,
1433 4617 1470 4670 ut
1493 4619 1542 4670 est
1561 4615 1679 4672 natura

240 4712 359 4793 neutri,
392 4714 522 4776 nomina
554 4734 615 4797 pro
652 4725 755 4798 patre,
794 4724 897 4779 matre
931 4724 987 4778 aut
1016 4713 1129 4776 marito
1159 4734 1225 4778 non
1253 4712 1357 4775 minus
1387 4731 1486 4796 quam
1507 4731 1568 4794 pro
1590 4731 1684 4796 rege,

247 4814 330 4879 duce
369 4825 425 4880 aut
463 4818 592 4880 omnino
628 4815 758 4880 homine
792 4817 969 4902 superioris
1006 4813 1175 4879 cuiusdam
1212 4812 1410 4879 condicionis
1447 4809 1569 4876 deesse.
1628 4812 1680 4877 Ne
