3796 5518
799 433 1008 496 ..17-

295 621 522 705 Significatum
545 621 716 707 progeniei
738 619 955 705 principalem
978 619 1079 684 fuisse
1112 615 1248 685 nominis
1282 617 1375 698 γόνος
1404 623 1630 706 cognovimus.

187 724 433 788 Terminatione
457 733 564 787 autern
587 721 767 787 masculina
790 722 913 786 factum
937 729 994 803 est,
1018 730 1054 786 ut
1075 721 1151 786 inde
1175 723 1216 786 ab
1237 723 1373 788 Homeri
1397 732 1502 787 aetate
1535 721 1633 802 γόνος

187 833 274 891 esset
297 825 395 904 filius,
416 826 463 888 ita
491 835 527 886 ut
560 825 730 908 tragoedia
764 847 803 888 eo
836 826 965 889 nomine
999 822 1102 888 libere
1136 832 1294 900 uteretur,
1325 847 1389 890 non
1427 824 1537 890 addito
1571 827 1627 893 scl.

187 930 289 1014 patris
312 929 440 991 nomina
464 948 570 1011 neque
593 927 785 1012 pronomine
808 929 1003 1011 possessivo,
1036 927 1128 991 velut
1166 928 1213 991 lo.
1238 927 1310 1005 356,
1345 927 1443 1013 Soph.
1466 929 1531 995 An.
1554 929 1628 1009 574,

187 1030 256 1096 ΟΟ.
283 1030 374 1106 1531,
398 1052 494 1114 quem
517 1032 626 1093 locum
648 1031 791 1094 restituit
814 1028 992 1096 Nauokius.
1038 1028 1213 1113 Euripides
1246 1041 1365 1111 autem,
1401 1031 1456 1114 qui
1486 1027 1574 1094 idem
1593 1032 1627 1096 in

188 1132 359 1210 tractando
383 1133 510 1196 nomine
534 1127 629 1201 τόκος
651 1132 828 1218 plurimum
850 1132 912 1196 sibi
935 1133 1080 1217 sumpsit,
1104 1155 1168 1196 non
1191 1135 1296 1198 minus
1312 1131 1448 1197 licenter
1472 1134 1537 1216 egit
1554 1155 1627 1198 cum

187 1236 351 1302 vocabulo
374 1231 473 1316 γόνος,
497 1234 585 1319 quod
616 1234 658 1298 ab
693 1256 731 1298 eo
765 1234 988 1320 usurpabatur
1022 1257 1127 1320 aeque
1160 1257 1199 1298 ac
1232 1238 1393 1318 tragicum
1426 1233 1509 1299 illud
1540 1241 1627 1304 παῖς.

189 1339 263 1420 Qua
285 1361 321 1402 re
342 1339 466 1402 factum
490 1349 550 1419 est,
573 1347 607 1401 ut
630 1334 726 1414 γόνος
747 1336 815 1400 filia
839 1339 936 1400 etiam
961 1338 990 1399 ei
1013 1359 1084 1401 esse
1107 1348 1228 1422 posset,
1259 1334 1314 1402 Or.
1342 1336 1422 1401 1038
1447 1331 1485 1398 σύ
1506 1335 1571 1399 νῦν
1584 1328 1627 1419 μ’,

188 1438 316 1521 ἀδελφέ,
338 1435 383 1522 μή
407 1459 454 1508 τις
484 1429 635 1520 Ἀργείων
655 1434 754 1524 κτάνῃ
775 1430 914 1518 ὕβρισμα
935 1440 1073 1518 θέμενος
1098 1436 1155 1502 τόν
1184 1432 1417 1519 Ἀγαμέμνονος
1445 1437 1548 1516 γόνον,
1573 1439 1630 1502 ubi

189 1552 279 1615 recte
302 1543 512 1607 Hermannus
536 1540 701 1606 contendit
734 1550 847 1606 eontra
879 1540 1072 1606 scholiastae
1102 1545 1339 1624 auctoritatem,
1371 1564 1467 1627 quem
1497 1551 1631 1606 secutus

190 1653 239 1709 est
266 1643 416 1725 WeiliuS,
439 1655 472 1707 et
494 1643 546 1707 hic
569 1652 602 1708 et
626 1643 683 1708 Or.
705 1643 746 1708 82
779 1637 894 1726 Ἑλένη,
926 1646 959 1705 τί
992 1660 1042 1706 σοι
1074 1638 1192 1724 λέγοιμ’
1223 1637 1262 1708 ἂν
1285 1634 1306 1707 ά
1326 1664 1359 1724 γε
1380 1638 1516 1725 παροῦσ’
1542 1639 1628 1728 ὁρᾷς,

192 1741 230 1810 ἕν
254 1751 449 1827 συμφοραῖσι
471 1737 526 1807 τόν
546 1738 784 1825 Ἀγαμέμνονος
804 1743 900 1824 γόνον
922 1745 1165 1811 unam-'tantum
1200 1770 1372 1834 personam
1402 1747 1522 1811 dictam
1560 1769 1631 1812 esse

191 1873 210 1914 a
240 1860 349 1935 poeta,
385 1869 450 1911 non
491 1849 581 1912 duas.
637 1849 731 1912 Idem
775 1851 827 1912 vir
860 1847 976 1913 doctus
1012 1849 1068 1913 illo
1101 1848 1174 1914 loco
1205 1841 1263 1934 τήν
1305 1873 1365 1936 pro
1403 1847 1461 1912 τὸν
1488 1851 1629 1936 scripsit,

191 1955 275 2016 sieut
304 1951 459 2015 traditum
484 1959 532 2014 est
555 1951 613 2014 IA.
637 1952 699 2016 793
722 1945 777 2012 διὰ
798 1955 843 2032 σέ,
865 1946 923 2013 τόν
943 1949 1057 2013 κόκνου
1086 1951 1288 2030 δολιαυχένος
1316 1949 1419 2032 γόνον.
1471 1951 1518 2016 Ut
1547 1954 1632 2016 enim
1666 1941 1668 1945 Α

191 2053 514 2140 Euripidcsdicebat
534 2047 600 2117 det
622 2047 640 2137 ή
661 2059 745 2130 παῖς,
770 2047 787 2115 ό
810 2045 869 2123 ἶνις
885 2053 956 2118 HF.
973 2055 1037 2118 354
1059 2066 1091 2119 et
1114 2045 1134 2138 ή
1155 2045 1216 2124 ἶνις
1232 2057 1290 2122 ΙΑ.
1307 2059 1375 2139 119,
1401 2049 1527 2124 όκάσις
1549 2054 1634 2118 Hee.

20 2189 22 2197 ·
84 2235 85 2238 Ἴ
191 2159 254 2224 428
279 2168 311 2222 et
333 2152 353 2239 ή
375 2153 464 2226 κάσις
486 2157 568 2221 Ηεα.
593 2157 665 2238 361,
689 2180 850 2243 nusquam
873 2168 983 2221 autem
1006 2157 1179 2222 articulum
1202 2159 1417 2225 masculinum
1447 2178 1507 2238 pro
1542 2155 1632 2222 femi·

192 2263 268 2325 nino
292 2259 484 2345 usurpabat,
517 2262 562 2322 sic
586 2255 605 2342 ή
627 2256 721 2337 γόνος
754 2280 884 2345 quoque
919 2283 993 2325 eum
1023 2261 1144 2325 dixisse
1175 2272 1293 2346 putare
1322 2262 1489 2328 debemus.
1533 2262 1635 2326 Hunc

194 2374 304 2430 autern
327 2387 421 2428 usum
444 2365 585 2429 liberum
608 2365 754 2429 eiusdem
776 2367 914 2429 nominis
937 2387 997 2450 pro
1020 2367 1199 2431 masculino
1227 2377 1259 2429 et
1281 2387 1341 2450 pro
1365 2365 1518 2429 feminino
1540 2386 1633 2429 usur-

192 2469 262 2552 pati
295 2469 366 2552 ipse
400 2467 553 2548 excoluit,
586 2467 675 2532 nullo
709 2478 902 2552 praeeunte,
943 2490 1007 2532 uno
1042 2477 1169 2531 tantum
1207 2477 1328 2549 secute,
1364 2478 1522 2552 quantum
1555 2468 1631 2531 scio.

194 2569 319 2634 Eadem
354 2565 438 2633 enirn
474 2569 513 2633 de
549 2591 647 2634 eausa
682 2570 741 2634 Th.
776 2571 846 2651 117,
892 2569 947 2635 ubi
996 2569 1113 2634 chorus
1150 2571 1332 2655 Agathonis
1372 2578 1482 2634 cantat
1514 2564 1636 2648 ἕπομαι

192 2667 346 2757 κλήζουσα
377 2669 497 2751 σεμνόν
528 2668 626 2749 γόνον
657 2664 823 2752 ὀλβίζουσα
851 2670 983 2742 Λατοῦς
1013 2673 1053 2736 de
1092 2673 1196 2737 Diana
1228 2675 1360 2755 dietum,
1396 2673 1634 2737 restituendum

196 2797 266 2838 esse
297 2775 390 2856 duco,
423 2773 511 2860 quod
540 2777 610 2846 iam
634 2773 827 2840 Dindorfius
858 2777 1039 2860 propesuit,
1071 2774 1203 2854 σεμνάν,
1250 2775 1386 2841 Omnem
1410 2784 1520 2841 autem
1542 2775 1637 2840 dubi·

196 2877 362 2958 tationem,
393 2899 491 2961 quam
522 2880 595 2962 quis
624 2878 763 2943 fortasse
793 2879 926 2942 retinuit
956 2881 988 2941 in
1017 2877 1295 2966 haclmutatione,
1325 2890 1424 2966 poeta
1446 2879 1516 2965 ipse
1540 2877 1637 2959 tollit,

197 3002 273 3043 oum
300 2981 467 3066 scripserit
489 2979 569 3046 Her.
594 2981 654 3045 617
682 2979 756 3049 τοὺς
777 2974 984 3062 Ἡρακλείους
1011 2968 1094 3064 ήλθε
1123 2979 1297 3043 δουλώσων
1319 2979 1438 3060 γόνους,
1462 2979 1501 3044 de
1524 2980 1636 3044 liberis

195 3082 368 3166 utriusque
391 3103 489 3146 sexus
512 3083 684 3147 coniuncte
707 3083 838 3149 dictum.
885 3082 918 3146 Si
941 3084 1025 3147 enim
1050 3083 1189 3148 formam
1209 3107 1293 3170 quae
1317 3093 1365 3147 est
1390 3073 1515 3166 ήγόνος
1536 3092 1636 3167 poeta

198 3185 327 3247 omnino
358 3184 531 3265 reiecisset,
563 3183 625 3248 hoc
656 3184 905 3249 lleraclidarum
931 3186 1003 3249 loco
1035 3185 1244 3251 collectivum
1267 3185 1466 3270 singularem
1489 3186 1634 3248 scribere

199 3285 321 3352 debuit.

306 3421 432 3488 Eodem
468 3445 545 3508 quo,
566 3423 787 3486 demonstravi
821 3421 917 3488 rnodo
950 3421 1038 3485 τόκοι
1071 3422 1122 3487 El.
1154 3423 1217 3488 658
1248 3436 1279 3486 et
1312 3417 1403 3504 κόροι
1435 3421 1507 3488 HF.
1544 3421 1638 3502 1326,

197 3516 308 3587 ἅδ’ἒκ
340 3525 479 3588 πολιτῶν
507 3519 584 3607 δῶρ’
606 3521 666 3602 ἔχει
689 3523 793 3594 σώσας
821 3520 938 3605 κόρους
960 3525 1008 3593 δὶς
1031 3522 1124 3605 ἑπτά,
1152 3526 1194 3590 ab
1219 3548 1256 3589 eo
1280 3527 1519 3610 scriptumest,
1549 3525 1638 3610 quod

199 3628 340 3692 alterurn
362 3651 479 3693 nomen
495 3627 681 3712 Aeschylus
703 3649 764 3713 pro
787 3629 905 3691 iuvene
927 3636 1062 3709 tantum,
1082 3629 1122 3692 fr.
1139 3628 1180 3692 43
1204 3623 1262 3690 σὺν
1283 3623 1391 3709 κόροις
1405 3622 1638 3708 senatuique,

198 3728 376 3815 Euripides
400 3742 508 3797 autem
533 3755 549 3796 e
573 3753 662 3796 more
688 3753 756 3812 suo,
787 3728 827 3794 de
862 3752 927 3815 quo
957 3730 1042 3794 infra
1064 3731 1168 3794 fusius
1192 3753 1298 3813 agam,
1321 3741 1353 3794 et
1375 3728 1555 3814 Sophocles
1576 3751 1637 3815 pro

198 3833 264 3898 filio
296 3835 395 3899 etiam
427 3835 459 3898 in
493 3856 555 3899 usu
584 3834 760 3915 habebant,
789 3833 881 3898 velut
912 3833 986 3898 Hel.
1020 3833 1079 3897 137
1108 3829 1138 3894 οἱ
1168 3829 1359 3914 Τυνδάρειοι
1381 3823 1411 3894 δ’
1435 3827 1517 3894 εἰσὶν
1540 3822 1559 3912 ή
1582 3825 1641 3894 οὐκ

200 3933 281 3999 εἰσὶν
311 3934 410 4020 κόροι,
433 3937 482 4002 ΕΙ.
512 3938 586 4020 463,
609 3937 707 4023 Soph.
731 3937 790 4000 Ph.
813 3936 885 4017 562,
917 3938 971 4001 Tr.
996 3937 1061 4000 644
1092 3928 1109 3996 ό
1138 3929 1196 4016 γὰρ
1219 3931 1309 4014 Διός,
1331 3927 1511 4016 Ἀλκμήνης
1531 3930 1641 4014 κόρος,

200 4050 236 4101 ut
268 4051 370 4106 metro
403 4050 539 4125 cogente
573 4041 731 4125 legendus
766 4048 814 4104 est
847 4040 900 4104 hic
932 4061 1058 4120 versus
1091 4061 1231 4125 quocum
1266 4037 1443 4102 contuleris
1477 4035 1638 4122 exempla,

202 4163 286 4226 quae
331 4165 439 4230 supra,
484 4167 557 4208 cum
601 4155 779 4208 tractarem
823 4165 955 4208 versum
998 4143 1055 4210 IT.
1100 4142 1164 4208 238
1207 4131 1444 4220 Ἀγαμέμνονος
1487 4144 1548 4200 παῖ
1587 4137 1639 4202 καὶ

202 4225 466 4328 Κλυταιμήστρας
494 4249 612 4329 τέκνον,
646 4245 749 4312 attuli.
802 4244 900 4327 Quod
929 4247 1014 4310 enim
1042 4245 1198 4311 traditum
1229 4254 1277 4308 est
1305 4261 1341 4305 τε
1368 4251 1444 4330 post
1466 4233 1642 4325 Ἀλκμήνης

201 4348 296 4412 nimis
317 4348 602 4433 interpolationem
626 4349 701 4415 olet.
774 4402 777 4406 .

308 4484 383 4548 Non
413 4485 536 4548 minore
568 4507 667 4571 quam
689 4486 722 4550 iu
745 4483 905 4565 omnibus,
935 4485 976 4548 de
998 4483 1117 4568 quibus
1140 4481 1247 4547 adhuc
1271 4481 1446 4568 disputavi,
1467 4476 1639 4544 vocabulis

203 4587 359 4653 utebatur
394 4585 569 4673 Euripides
607 4587 740 4652 licentia
775 4590 809 4651 in
847 4584 1032 4650 adhibendo
1069 4587 1198 4651 nomine
1235 4581 1340 4668 κόρης.
1392 4583 1498 4648 Ηῑιίιιε
1533 4587 1641 4646 autem

203 4692 342 4756 nominis
379 4711 484 4777 aeque
521 4711 560 4754 ac
597 4691 689 4755 vocis
729 4691 896 4772 παρθένος
924 4691 974 4754 vis
1003 4688 1195 4776 principalis
1225 4698 1274 4752 est
1295 4687 1450 4768 mulieris,
1479 4684 1566 4750 haud
1595 4683 1645 4747 ita

204 4800 314 4858 aetate
352 4802 541 4881 provectae,
577 4791 667 4857 nullo
705 4802 817 4857 tamen
849 4800 1002 4879 respectu
1033 4791 1156 4873 habito,
1190 4801 1299 4855 utrum
1334 4796 1436 4874 nupta
1466 4788 1507 4852 sit
1529 4806 1642 4866 necne,

1431 4919 1449 4972 2
