3796 5518
823 355 1035 460 ξπ,-

213 591 323 646 autem
347 580 523 664 explicatio
546 581 742 645 refutatione
763 601 829 644 non
852 590 942 664 eget3
964 591 1000 646 ut
1023 603 1122 646 unum
1144 592 1269 647 tantum
1293 583 1409 666 dicam,
1440 587 1469 648 ei
1491 598 1652 670 repugnat

214 685 364 750 diversus
393 683 448 747 ille
478 695 642 763 accentus,
678 685 733 767 qui
757 684 898 747 cernitur
922 706 949 752 e.
972 707 1004 767 g.
1027 686 1061 748 in
1081 680 1182 767 βοτὴρ
1204 682 1320 769 βώτης,
1348 682 1453 770 ποτὴρ
1476 683 1587 772 πάτης,
1609 689 1650 752 al.

213 787 442 870 Brugmannus
453 786 476 862 ¹)
500 797 609 849 autem
633 783 744 849 docuit
766 788 896 849 nomina
918 785 1001 850 haec
1024 789 1149 872 agentis
1172 790 1203 850 in
1223 809 1278 871 της
1291 791 1491 874 metonymia
1509 791 1652 876 quadarn

213 902 285 954 orta
322 911 393 953 esse
427 889 540 954 eodem
571 888 696 953 scilicet
725 910 789 973 quo
819 910 920 973 supra
943 889 1163 955 demonstravi
1189 890 1287 955 modo
1311 913 1338 957 e.
1361 914 1393 975 g.
1417 887 1585 971 δούλευμα,
1609 892 1650 956 al.

209 987 362 1076 Ἀγρότης
383 995 494 1076 igitur,
516 1001 553 1056 ut
569 989 721 1077 exemplo
745 1001 828 1074 utar,
851 993 992 1079 primum
1016 1006 1064 1058 est
1087 994 1298 1078 agricultura,
1321 991 1437 1058 deinde
1458 995 1651 1077 agri001a2).
1675 1078 1678 1085 Ι

212 1097 286 1162 Hoc
316 1095 471 1160 suffixum
504 1105 538 1160 ta
570 1096 650 1159 abiit
673 1097 706 1158 in
728 1093 944 1180 significatum
970 1098 1113 1161 concreti
1137 1097 1319 1178 masculini,
1342 1119 1415 1159 cum
1439 1097 1509 1160 eius
1531 1096 1650 1178 locum,

211 1200 310 1262 aivis
340 1210 411 1263 erat
440 1197 618 1279 abstracta,
648 1205 825 1283 oocuparet
847 1198 937 1284 apud
960 1197 1106 1264 Graecos
1134 1198 1289 1264 suffixum
1313 1209 1370 1279 tat,
1394 1199 1485 1262 velut
1505 1194 1652 1294 decerpe,

209 1297 395 1383 βαρύτητος,
426 1301 468 1366 al.
512 1299 607 1364 Haec
636 1322 697 1384 pro
728 1322 763 1364 re
795 1302 872 1364 satis
897 1301 985 1365 dicta
1007 1317 1099 1385 sunt,
1126 1302 1223 1389 plura
1246 1302 1334 1387 apud
1357 1303 1465 1386 ipsum
1488 1301 1649 1384 legantur.

120 1485 122 1488 ι
211 1402 331 1467 Utrum
365 1417 474 1466 autem
508 1402 664 1468 suffixum
696 1401 779 1467 illud
813 1423 868 1486 της
902 1403 999 1488 plane
1028 1403 1113 1468 idem
1145 1405 1306 1488 significet
1329 1405 1417 1490 quod
1447 1425 1506 1486 τηρ
1529 1425 1593 1485 τωρ
1619 1412 1651 1468 et

213 1519 321 1570 utrum
344 1504 385 1568 ad
410 1505 543 1571 easdem
574 1507 692 1592 stirpes
715 1527 786 1568 sese
810 1503 1037 1591 applicaverit,
1066 1507 1155 1593 quod
1177 1505 1316 1591 D'Ooge
1339 1505 1515 1588 contendit,
1540 1529 1650 1591 quam·

213 1628 276 1691 que
306 1629 375 1670 rem
407 1609 534 1672 silentio
566 1609 808 1693 praeterierunt
835 1611 1040 1691 grammatici
1073 1613 1186 1691 nostri,
1214 1633 1255 1674 an
1287 1609 1397 1696 aliqua
1427 1611 1526 1673 statui
1548 1612 1650 1695 possit

212 1709 393 1774 differentia
423 1732 574 1796 quaeque
604 1733 643 1774 ea
671 1713 711 1775 sit
740 1713 918 1796 praecipue
948 1714 1032 1777 inter
1063 1715 1206 1799 tragicos
1231 1725 1263 1776 et
1291 1715 1432 1778 comicos
1456 1725 1580 1800 poetas,
1603 1715 1650 1776 eis

212 1833 296 1896 quae
341 1822 522 1896 sequuntur
564 1812 828 1898 disceptaturus
854 1837 934 1881 sum.
1001 1816 1201 1902 Incipiamus
1246 1828 1355 1880 autem
1399 1839 1419 1880 a
1455 1817 1650 1879 formatione

213 1916 379 1979 nominum
403 1936 487 1999 quae
511 1924 700 1982 tractamus.

805 2459 903 2528 Pars
926 2459 1065 2529 Prima.

320 2632 449 2716 Agmen
480 2630 601 2696 ducant
631 2655 671 2695 ea
693 2634 834 2712 nomina,
865 2633 1002 2716 quaein
1025 2653 1090 2706 τωρ
1113 2642 1244 2715 exeunt,
1267 2623 1332 2698 uon
1355 2634 1444 2719 quod
1467 2634 1650 2720 antiquiora

211 2735 275 2797 sint
310 2756 407 2820 quarn
443 2756 489 2811 ea,
528 2756 612 2819 quae
642 2735 675 2797 in
705 2755 764 2818 τηρ
793 2735 1020 2811 terminantur,
1058 2732 1116 2797 sed
1150 2735 1240 2819 quod
1270 2736 1412 2819 speeiem
1447 2737 1650 2820 antiquitatis
1734 2811 1737 2816 ,

211 2838 367 2900 maiorem
389 2859 470 2922 prae
493 2859 527 2900 se
551 2836 703 2901 ferebant
726 2848 758 2900 et
780 2838 885 2921 magis
907 2839 1077 2924 magisque
1102 2836 1378 2914 abolesoebant3).

319 2939 372 3002 Ab
402 2940 474 3025 ipsa
504 2939 605 3023 stirpe
636 2938 784 3003 derivata
813 2938 951 3022 legimus
982 2939 1071 3023 apud
1095 2939 1295 3023 Aeschylum
1326 2961 1410 3025 quae
1434 2950 1509 3004 sunt
1531 2939 1650 3020 δέκτωρ

211 3040 273 3106 Eu.
306 3041 379 3124 204,
416 3034 522 3120 ῥὺτωρ
552 3041 602 3106 Se.
627 3042 699 3122 305,
736 3038 834 3122 ἴστωρ
862 3041 925 3124 Ag.
949 3042 1041 3124 1075,
1080 3037 1231 3124 μνήστωρ
1254 3041 1305 3109 Se.
1331 3043 1401 3124 164,
1431 3046 1573 3122 νεμέτωρ
1596 3041 1648 3108 Se.

210 3147 274 3210 472
306 3145 364 3227 al.;
394 3144 544 3208 verbalia
574 3153 692 3227 autem,
721 3143 812 3209 velut
842 3141 978 3228 οἰκήτωρ
1008 3145 1062 3210 Pr.
1080 3144 1166 3226 367,
1194 3141 1358 3227 ποινάτωρ
1381 3144 1444 3228 Ag.
1470 3144 1562 3226 1280,
1589 3167 1650 3230 per

210 3249 426 3312 consonantes
453 3247 604 3326 formata,
634 3247 725 3310 velut
752 3249 932 3326 μαστίκτωρ
955 3247 1016 3312 Eu.
1043 3247 1114 3327 159,
1145 3242 1308 3328 ταράκτωρ
1334 3245 1386 3312 Se.
1410 3245 1483 3326 559,
1512 3235 1649 3326 ἀλέκτωρ

210 3351 275 3432 Ag.
301 3350 394 3431 1671,
417 3350 507 3436 quod
529 3349 598 3413 Leo
621 3349 739 3434 Meyer
762 3375 786 3415 s.
802 3371 834 3414 v.
850 3349 892 3414 ab
917 3343 1037 3420 ἀλέξειν
1060 3350 1246 3414 derivatum
1269 3373 1340 3422 esse
1363 3348 1450 3431 dicit,
1474 3342 1648 3429 άρμόστωρ

210 3451 270 3516 Eu.
303 3452 377 3533 459,
407 3447 566 3531 μιάστωρ
586 3452 647 3517 Eu.
672 3453 743 3533 178,
772 3443 920 3530 ἀλάστωρ
951 3450 1006 3516 Su.
1029 3454 1103 3529 420,
1134 3453 1225 3516 cuius
1256 3454 1394 3518 verbum
1424 3451 1531 3516 adhuc
1559 3454 1648 3536 igno·

210 3577 330 3620 ramus.
375 3555 532 3619 Eiusdem
566 3556 663 3640 plane
696 3555 784 3619 modi
817 3553 1005 3640 multiplicis
1035 3578 1073 3619 ac
1103 3556 1187 3619 varii
1216 3554 1427 3620 formationes
1450 3566 1533 3634 sunt,
1565 3576 1648 3639 quae

210 3659 301 3744 apud
322 3658 514 3743 Euripidem
538 3658 701 3742 leguntur,
730 3659 790 3722 nisi
814 3659 902 3744 quod
924 3657 1083 3740 verbalia,
1116 3680 1255 3744 quorum
1280 3658 1378 3742 stirps
1402 3679 1462 3742 per
1485 3657 1650 3738 dfinitur,

210 3760 303 3826 velut
325 3749 507 3849 άρμάστωρ,
532 3758 658 3824 desunt.
703 3759 804 3844 Apud
826 3759 1021 3847 Sophoclem
1052 3769 1161 3824 autern
1183 3761 1341 3844 pauciora
1370 3773 1401 3824 et
1429 3761 1534 3824 minus
1558 3760 1649 3822 varia

212 3875 287 3928 suut
320 3864 460 3927 nomina.
500 3855 612 3941 Ἴστωρ
644 3862 695 3927 ΕΙ.
725 3863 789 3928 850
818 3865 953 3948 eiusque
983 3865 1198 3948 compositum
1220 3865 1284 3927 An.
1308 3862 1380 3939 542,
1416 3857 1569 3941 πράκτωρ
1592 3861 1647 3924 Tr.

211 3966 285 4048 251,
308 3965 360 4030 ΕΙ.
383 3965 456 4045 953,
481 3963 700 4046 σομττράκτωρ
723 3963 792 4031 OT.
819 3966 890 4048 116,
911 3961 1015 4048 νάτωρ
1039 3965 1078 4030 fr.
1102 3965 1175 4046 248,
1198 3965 1254 4029 ubi
1279 3966 1467 4029 coniectura
1489 3965 1647 4048 scripturn

210 4078 260 4134 est
284 4061 387 4144 Ἴναχε
415 4069 522 4149 νᾶτορ,
555 4073 619 4128 παῖ
643 4068 701 4129 τοῦ
730 4067 865 4150 κρηνῶν,
898 4059 1005 4152 ῥήτωρ
1035 4066 1074 4133 fr.
1097 4067 1184 4145 986,Ι
1203 4058 1339 4147 ἀλέκτωρ
1363 4066 1402 4131 fr.
1426 4066 1497 4148 767,
1528 4062 1647 4128 deinde

208 4170 350 4250 μελέτωρ
384 4171 435 4236 ΕΙ.
468 4170 541 4249 846,
583 4163 732 4250 ἀλάστωρ
763 4172 816 4234 Ai.
838 4170 912 4252 372,
955 4167 1100 4251 μιάστωρ
1138 4169 1189 4233 El.
1212 4169 1285 4246 275,
1329 4164 1463 4250 οἰκήτωρ
1499 4168 1553 4231 Αἰ.
1575 4167 1646 4249 396,

210 4267 370 4355 άλεξὴτωρ
400 4269 469 4337 OC.
494 4271 565 4353 143,
596 4267 751 4353 ττνάκτωρ
777 4273 832 4338 Tr.
856 4272 929 4338 502.
977 4266 1091 4351 Φάτωρ
1119 4283 1229 4335 autern
1259 4272 1448 4336 coniectura
1475 4272 1646 4333 restituere

207 4375 312 4440 voluit
340 4373 532 4439 Dindorfius
561 4371 616 4438 Tr.
648 4375 730 4439 1032
739 4395 749 4456 ;
777 4371 948 4458 σημάντωρ
974 4373 1043 4438 OT.
1067 4374 1128 4438 957
1162 4375 1240 4438 satis
1271 4382 1361 4437 certo
1392 4372 1551 4436 traditum
1581 4392 1646 4434 non

314 4546 336 4610 ¹)
356 4541 471 4596 Gramm
499 4559 526 4610 p.
545 4543 611 4610 201;
631 4541 786 4596 Grundriss
806 4541 855 4595 der
873 4542 961 4612 vergl.
976 4541 1100 4595 Gramm.
1120 4540 1170 4594 der
1188 4539 1283 4610 indog.
1296 4539 1359 4610 Spr¹
1372 4539 1402 4592 II
1415 4542 1429 4593 1
1442 4557 1469 4608 p.
1479 4557 1507 4608 p.
1516 4539 1576 4606 216,
1585 4538 1645 4592 225.

313 4627 335 4698 2)
353 4627 518 4698 Bragmann
539 4628 662 4683 Gramm.
681 4645 708 4697 p.
725 4629 785 4698 368,
1049 4684 1052 4691 ,

312 4717 334 4788 ³)
354 4714 452 4768 Pauca
479 4714 513 4767 de
537 4714 581 4768 hie
607 4713 738 4767 dixerunt
763 4715 961 4786 Brugmannus
986 4714 1109 4774 Gramm,
1132 4733 1159 4784 p.
1184 4715 1246 4781 1913
1272 4710 1557 4780 Kuehnerl.l.12,
1579 4711 1645 4780 27ος

208 4801 383 4856 Rutherford
401 4801 463 4854 The
481 4817 544 4855 new
563 4799 743 4871 Phrynichus
765 4819 792 4871 p.
811 4803 845 4856 58
863 4819 924 4872 sqq.
