<?xml version="1.0" encoding="UTF-8"?>
<!DOCTYPE html PUBLIC "-//W3C//DTD XHTML 1.0 Transitional//EN"
    "http://www.w3.org/TR/xhtml1/DTD/xhtml1-transitional.dtd">
<html xmlns="http://www.w3.org/1999/xhtml" xml:lang="en" lang="en">
 <head>
  <title>
</title>
<meta http-equiv="Content-Type" content="text/html;charset=utf-8" />
  <meta name='ocr-system' content='tesseract 3.04.00' />
  <meta name='ocr-capabilities' content='ocr_page ocr_carea ocr_par ocr_line ocrx_word'/>
</head>
<body>
  <div class='ocr_page' id='page_1' title='image "./depoetarumscaen00menggoog_0045.png"; bbox 0 0 3796 5518; ppageno 0'>
   <div class='ocr_carea' id='block_1_1' title="bbox 858 403 1070 467">
    <p class='ocr_par' dir='ltr' id='par_1_1' title="bbox 858 403 1070 467">
     <span class='ocr_line' id='line_1_1' title="bbox 858 403 1070 467; baseline -0.009 -17"><span class='ocrx_word' id='word_1_1' title='bbox 858 403 1070 467; x_wconf 70' lang='lat'>‚40-</span> 
     </span>
    </p>
   </div>
   <div class='ocr_carea' id='block_1_2' title="bbox 187 563 1758 4352">
    <p class='ocr_par' dir='ltr' id='par_1_2' title="bbox 187 563 1758 3434">
     <span class='ocr_line' id='line_1_2' title="bbox 247 563 1688 660; baseline 0.004 -24"><span class='ocrx_word' id='word_1_2' title='bbox 247 595 338 659; x_wconf 91' lang='lat' dir='ltr'>quae</span> <span class='ocrx_word' id='word_1_3' title='bbox 360 574 491 638; x_wconf 88' lang='lat' dir='ltr'>nomina</span> <span class='ocrx_word' id='word_1_4' title='bbox 513 571 663 637; x_wconf 80' lang='lat' dir='ltr'><strong>verbalia</strong></span> <span class='ocrx_word' id='word_1_5' title='bbox 683 572 881 638; x_wconf 84' lang='lat' dir='ltr'>intellexerit</span> <span class='ocrx_word' id='word_1_6' title='bbox 903 595 1034 660; x_wconf 91' lang='lat' dir='ltr'>quoque</span> <span class='ocrx_word' id='word_1_7' title='bbox 1057 573 1155 639; x_wconf 91' lang='lat' dir='ltr'>modo</span> <span class='ocrx_word' id='word_1_8' title='bbox 1171 597 1212 639; x_wconf 90' lang='lat' dir='ltr'>ea</span> <span class='ocrx_word' id='word_1_9' title='bbox 1226 563 1367 640; x_wconf 89' lang='lat' dir='ltr'>formata</span> <span class='ocrx_word' id='word_1_10' title='bbox 1391 597 1462 641; x_wconf 89' lang='lat' dir='ltr'>esse</span> <span class='ocrx_word' id='word_1_11' title='bbox 1482 576 1688 643; x_wconf 83' lang='lat' dir='ltr'>iudicaverit.</span> 
     </span>
     <span class='ocr_line' id='line_1_3' title="bbox 248 675 1688 765; baseline 0.002 -24"><span class='ocrx_word' id='word_1_12' title='bbox 248 677 419 742; x_wconf 83' lang='lat' dir='ltr'>Proferam</span> <span class='ocrx_word' id='word_1_13' title='bbox 440 677 540 751; x_wconf 79' lang='lat' dir='ltr'>igitur</span> <span class='ocrx_word' id='word_1_14' title='bbox 561 676 623 741; x_wconf 89' lang='lat' dir='ltr'>hoe</span> <span class='ocrx_word' id='word_1_15' title='bbox 645 676 719 741; x_wconf 91' lang='lat' dir='ltr'>loco</span> <span class='ocrx_word' id='word_1_16' title='bbox 741 675 899 742; x_wconf 91' lang='lat' dir='ltr'>nonnulla</span> <span class='ocrx_word' id='word_1_17' title='bbox 922 678 992 740; x_wconf 89' lang='lat' dir='ltr'>eins</span> <span class='ocrx_word' id='word_1_18' title='bbox 1024 679 1201 744; x_wconf 88' lang='lat' dir='ltr'>enuntiata.</span> <span class='ocrx_word' id='word_1_19' title='bbox 1247 677 1359 762; x_wconf 88' lang='lat' dir='ltr'>Atque</span> <span class='ocrx_word' id='word_1_20' title='bbox 1382 700 1400 742; x_wconf 92' lang='lat' dir='ltr'>e</span> <span class='ocrx_word' id='word_1_21' title='bbox 1422 679 1528 764; x_wconf 89' lang='lat' dir='ltr'>prima</span> <span class='ocrx_word' id='word_1_22' title='bbox 1557 680 1688 765; x_wconf 88' lang='lat' dir='ltr'>quidem</span> 
     </span>
     <span class='ocr_line' id='line_1_4' title="bbox 248 770 1691 866; baseline 0.003 -24"><span class='ocrx_word' id='word_1_23' title='bbox 248 789 340 865; x_wconf 90' lang='lat' dir='ltr'>parte</span> <span class='ocrx_word' id='word_1_24' title='bbox 361 779 405 863; x_wconf 92' lang='lat' dir='ltr'>(p.</span> <span class='ocrx_word' id='word_1_25' title='bbox 429 778 504 852; x_wconf 78' lang='lat'>897)</span> <span class='ocrx_word' id='word_1_26' title='bbox 526 777 589 842; x_wconf 91' lang='lat' dir='ltr'>hoc</span> <span class='ocrx_word' id='word_1_27' title='bbox 613 781 752 864; x_wconf 89' lang='lat' dir='ltr'>sumpsi:</span> <span class='ocrx_word' id='word_1_28' title='bbox 776 771 818 850; x_wconf 76' lang='grc' dir='ltr'>ὥς</span> <span class='ocrx_word' id='word_1_29' title='bbox 840 770 906 842; x_wconf 76' lang='grc' dir='ltr'>ἀπό</span> <span class='ocrx_word' id='word_1_30' title='bbox 928 783 985 842; x_wconf 85' lang='grc' dir='ltr'><strong><em>τοῦ</em></strong></span> <span class='ocrx_word' id='word_1_31' title='bbox 1007 772 1132 862; x_wconf 82' lang='grc' dir='ltr'><strong><em>όλγήσω</em></strong></span> <span class='ocrx_word' id='word_1_32' title='bbox 1152 779 1322 858; x_wconf 83' lang='grc' dir='ltr'><strong><em>μέλλοντος</em></strong></span> <span class='ocrx_word' id='word_1_33' title='bbox 1344 771 1487 864; x_wconf 77' lang='grc' dir='ltr'><strong><em>ἀλγηδών</em></strong></span> <span class='ocrx_word' id='word_1_34' title='bbox 1515 773 1691 866; x_wconf 78' lang='grc' dir='ltr'><strong><em>ἀλγηδόνος,</em></strong></span> 
     </span>
     <span class='ocr_line' id='line_1_5' title="bbox 248 871 1691 968; baseline 0.002 -24"><span class='ocrx_word' id='word_1_35' title='bbox 248 873 334 944; x_wconf 76' lang='grc' dir='ltr'><strong><em>οὕτω</em></strong></span> <span class='ocrx_word' id='word_1_36' title='bbox 356 871 497 943; x_wconf 77' lang='lat' dir='ltr'>asinini</span> <span class='ocrx_word' id='word_1_37' title='bbox 520 877 578 942; x_wconf 79' lang='grc' dir='ltr'><strong><em>τοῦ</em></strong></span> <span class='ocrx_word' id='word_1_38' title='bbox 599 883 698 962; x_wconf 84' lang='grc' dir='ltr'><em>χαίρω</em></span> <span class='ocrx_word' id='word_1_39' title='bbox 719 876 862 965; x_wconf 79' lang='grc' dir='ltr'><strong><em>χωρήσω</em></strong></span> <span class='ocrx_word' id='word_1_40' title='bbox 873 878 1044 966; x_wconf 80' lang='grc' dir='ltr'><strong><em>χαιρηδών.</em></strong></span> <span class='ocrx_word' id='word_1_41' title='bbox 1091 881 1229 965; x_wconf 85' lang='lat' dir='ltr'>Similia,</span> <span class='ocrx_word' id='word_1_42' title='bbox 1252 895 1408 968; x_wconf 91' lang='lat' dir='ltr'>quantum</span> <span class='ocrx_word' id='word_1_43' title='bbox 1432 883 1564 968; x_wconf 87' lang='lat' dir='ltr'>quidem</span> <span class='ocrx_word' id='word_1_44' title='bbox 1577 886 1691 948; x_wconf 84' lang='lat' dir='ltr'>attinet</span> 
     </span>
     <span class='ocr_line' id='line_1_6' title="bbox 251 979 1690 1072; baseline 0.001 -26"><span class='ocrx_word' id='word_1_45' title='bbox 251 982 293 1046; x_wconf 92' lang='lat' dir='ltr'>ad</span> <span class='ocrx_word' id='word_1_46' title='bbox 314 982 541 1048; x_wconf 86' lang='lat' dir='ltr'>formationem</span> <span class='ocrx_word' id='word_1_47' title='bbox 563 987 738 1066; x_wconf 84' lang='lat' dir='ltr'>nominum,</span> <span class='ocrx_word' id='word_1_48' title='bbox 761 983 843 1048; x_wconf 88' lang='lat' dir='ltr'>haee</span> <span class='ocrx_word' id='word_1_49' title='bbox 873 995 949 1048; x_wconf 92' lang='lat' dir='ltr'>sunt</span> <span class='ocrx_word' id='word_1_50' title='bbox 977 1007 1009 1072; x_wconf 89' lang='lat' dir='ltr'>p.</span> <span class='ocrx_word' id='word_1_51' title='bbox 1041 983 1120 1050; x_wconf 83' lang='lat'>898:</span> <span class='ocrx_word' id='word_1_52' title='bbox 1143 979 1184 1046; x_wconf 85' lang='grc' dir='ltr'><strong><em>τὰ</em></strong></span> <span class='ocrx_word' id='word_1_53' title='bbox 1207 981 1253 1053; x_wconf 83' lang='grc' dir='ltr'><strong><em>εἰς</em></strong></span> <span class='ocrx_word' id='word_1_54' title='bbox 1280 1005 1309 1055; x_wconf 96' lang='grc' dir='ltr'>ις</span> <span class='ocrx_word' id='word_1_55' title='bbox 1339 980 1593 1068; x_wconf 78' lang='grc' dir='ltr'><strong><em>ἐσχηματισμένα</em></strong></span> <span class='ocrx_word' id='word_1_56' title='bbox 1621 981 1690 1049; x_wconf 76' lang='grc' dir='ltr'>ἀπὸ</span> 
     </span>
     <span class='ocr_line' id='line_1_7' title="bbox 248 1078 1691 1172; baseline 0.003 -25"><span class='ocrx_word' id='word_1_57' title='bbox 248 1080 439 1166; x_wconf 79' lang='grc' dir='ltr'><strong><em>βαρυτόνων</em></strong></span> <span class='ocrx_word' id='word_1_58' title='bbox 475 1083 660 1164; x_wconf 81' lang='grc' dir='ltr'><strong><em>μελλόντων</em></strong></span> <span class='ocrx_word' id='word_1_59' title='bbox 688 1078 712 1169; x_wconf 78' lang='grc' dir='ltr'><em>ἢ</em></span> <span class='ocrx_word' id='word_1_60' title='bbox 737 1087 886 1168; x_wconf 77' lang='grc' dir='ltr'><strong><em>δευτέρου</em></strong></span> <span class='ocrx_word' id='word_1_61' title='bbox 916 1082 1097 1167; x_wconf 78' lang='grc' dir='ltr'><strong><em>προσώπου</em></strong></span> <span class='ocrx_word' id='word_1_62' title='bbox 1135 1084 1194 1149; x_wconf 81' lang='grc' dir='ltr'><strong><em>τοῦ</em></strong></span> <span class='ocrx_word' id='word_1_63' title='bbox 1234 1085 1418 1172; x_wconf 77' lang='grc' dir='ltr'><strong><em>παθητικοῦ</em></strong></span> <span class='ocrx_word' id='word_1_64' title='bbox 1454 1091 1691 1168; x_wconf 80' lang='grc' dir='ltr'><strong><em>παρακειμένου</em></strong></span> 
     </span>
     <span class='ocr_line' id='line_1_8' title="bbox 251 1181 1691 1274; baseline 0.006 -26"><span class='ocrx_word' id='word_1_65' title='bbox 251 1183 431 1269; x_wconf 75' lang='grc' dir='ltr'><strong><em>βαρύνεται,</em></strong></span> <span class='ocrx_word' id='word_1_66' title='bbox 451 1238 457 1255; x_wconf 94' lang='grc'><strong><em>.</em></strong></span> <span class='ocrx_word' id='word_1_67' title='bbox 474 1238 506 1255; x_wconf 91' lang='grc'>..</span> <span class='ocrx_word' id='word_1_68' title='bbox 528 1189 654 1271; x_wconf 73' lang='grc' dir='ltr'><strong><em>ποιήσω</em></strong></span> <span class='ocrx_word' id='word_1_69' title='bbox 676 1192 813 1274; x_wconf 87' lang='grc' dir='ltr'><strong><em>ποίησις,</em></strong></span> <span class='ocrx_word' id='word_1_70' title='bbox 831 1184 941 1268; x_wconf 76' lang='lat' dir='ltr'>ysaiam</span> <span class='ocrx_word' id='word_1_71' title='bbox 956 1188 1088 1268; x_wconf 82' lang='grc' dir='ltr'><strong><em>γνῶσις.</em></strong></span> <span class='ocrx_word' id='word_1_72' title='bbox 1110 1239 1117 1254; x_wconf 93' lang='grc'><strong>.</strong></span> <span class='ocrx_word' id='word_1_73' title='bbox 1136 1239 1143 1254; x_wconf 93' lang='grc'><strong><em>.</em></strong></span> <span class='ocrx_word' id='word_1_74' title='bbox 1165 1181 1339 1268; x_wconf 85' lang='grc' dir='ltr'><strong><em>μεμίανσαι</em></strong></span> <span class='ocrx_word' id='word_1_75' title='bbox 1361 1189 1489 1269; x_wconf 82' lang='grc' dir='ltr'><strong><em>μόανσις</em></strong></span> <span class='ocrx_word' id='word_1_76' title='bbox 1505 1199 1537 1254; x_wconf 90' lang='lat' dir='ltr'>et</span> <span class='ocrx_word' id='word_1_77' title='bbox 1553 1190 1691 1256; x_wconf 82' lang='lat' dir='ltr'>subinde</span> 
     </span>
     <span class='ocr_line' id='line_1_9' title="bbox 249 1282 1692 1376; baseline 0.002 -23"><span class='ocrx_word' id='word_1_78' title='bbox 249 1282 289 1353; x_wconf 82' lang='grc' dir='ltr'><strong><em>τὰ</em></strong></span> <span class='ocrx_word' id='word_1_79' title='bbox 312 1286 357 1360; x_wconf 83' lang='grc' dir='ltr'><strong><em>εἰς</em></strong></span> <span class='ocrx_word' id='word_1_80' title='bbox 378 1289 422 1360; x_wconf 88' lang='grc' dir='ltr'>ξις</span> <span class='ocrx_word' id='word_1_81' title='bbox 450 1291 502 1353; x_wconf 79' lang='grc' dir='ltr'>καὶ</span> <span class='ocrx_word' id='word_1_82' title='bbox 531 1300 589 1374; x_wconf 80' lang='grc' dir='ltr'>ψις</span> <span class='ocrx_word' id='word_1_83' title='bbox 620 1283 686 1353; x_wconf 87' lang='grc' dir='ltr'>ἀπὸ</span> <span class='ocrx_word' id='word_1_84' title='bbox 715 1287 900 1369; x_wconf 78' lang='grc' dir='ltr'><strong><em>μελλόντων</em></strong></span> <span class='ocrx_word' id='word_1_85' title='bbox 933 1287 1189 1376; x_wconf 80' lang='grc' dir='ltr'><strong><em>ἐσχηματισμένα</em></strong></span> <span class='ocrx_word' id='word_1_86' title='bbox 1218 1288 1399 1374; x_wconf 89' lang='grc' dir='ltr'><strong><em>βαρύνεται,</em></strong></span> <span class='ocrx_word' id='word_1_87' title='bbox 1422 1288 1482 1368; x_wconf 77' lang='grc' dir='ltr'>ἔξω</span> <span class='ocrx_word' id='word_1_88' title='bbox 1512 1288 1583 1376; x_wconf 79' lang='grc' dir='ltr'><strong><em>ἕξις,</em></strong></span> <span class='ocrx_word' id='word_1_89' title='bbox 1615 1294 1692 1368; x_wconf 81' lang='grc' dir='ltr'><strong><em>λέξω</em></strong></span> 
     </span>
     <span class='ocr_line' id='line_1_10' title="bbox 249 1388 1693 1483; baseline 0.003 -27"><span class='ocrx_word' id='word_1_90' title='bbox 249 1391 342 1471; x_wconf 84' lang='grc' dir='ltr'><strong><em>λέξις,</em></strong></span> <span class='ocrx_word' id='word_1_91' title='bbox 365 1390 456 1474; x_wconf 77' lang='grc' dir='ltr'><strong><em>ψύξω</em></strong></span> <span class='ocrx_word' id='word_1_92' title='bbox 478 1388 579 1475; x_wconf 78' lang='grc' dir='ltr'><strong><em>ψύξις.</em></strong></span> <span class='ocrx_word' id='word_1_93' title='bbox 624 1394 677 1458; x_wconf 90' lang='lat' dir='ltr'>De</span> <span class='ocrx_word' id='word_1_94' title='bbox 702 1393 857 1458; x_wconf 86' lang='lat' dir='ltr'>derivatis</span> <span class='ocrx_word' id='word_1_95' title='bbox 880 1393 1064 1458; x_wconf 89' lang='lat' dir='ltr'>nominibus</span> <span class='ocrx_word' id='word_1_96' title='bbox 1087 1418 1106 1459; x_wconf 92' lang='lat' dir='ltr'>a</span> <span class='ocrx_word' id='word_1_97' title='bbox 1130 1406 1221 1458; x_wconf 85' lang='lat' dir='ltr'>certa</span> <span class='ocrx_word' id='word_1_98' title='bbox 1244 1394 1386 1480; x_wconf 91' lang='lat' dir='ltr'>quadam</span> <span class='ocrx_word' id='word_1_99' title='bbox 1409 1397 1566 1483; x_wconf 91' lang='lat' dir='ltr'>temporis</span> <span class='ocrx_word' id='word_1_100' title='bbox 1587 1396 1693 1461; x_wconf 89' lang='lat' dir='ltr'>forma</span> 
     </span>
     <span class='ocr_line' id='line_1_11' title="bbox 249 1496 1750 1582; baseline 0.003 -23"><span class='ocrx_word' id='word_1_101' title='bbox 249 1497 336 1560; x_wconf 89' lang='lat' dir='ltr'>infra</span> <span class='ocrx_word' id='word_1_102' title='bbox 358 1518 472 1580; x_wconf 80' lang='lat' dir='ltr'>agam3</span> <span class='ocrx_word' id='word_1_103' title='bbox 495 1496 652 1561; x_wconf 88' lang='lat' dir='ltr'>hocloco</span> <span class='ocrx_word' id='word_1_104' title='bbox 676 1497 711 1561; x_wconf 93' lang='lat' dir='ltr'>id</span> <span class='ocrx_word' id='word_1_105' title='bbox 733 1497 831 1561; x_wconf 87' lang='lat' dir='ltr'>velim</span> <span class='ocrx_word' id='word_1_106' title='bbox 853 1507 1022 1562; x_wconf 85' lang='lat' dir='ltr'>teneamus</span> <span class='ocrx_word' id='word_1_107' title='bbox 1054 1508 1090 1561; x_wconf 93' lang='lat' dir='ltr'>ut</span> <span class='ocrx_word' id='word_1_108' title='bbox 1127 1498 1367 1580; x_wconf 86' lang='lat' dir='ltr'>gravissimum,</span> <span class='ocrx_word' id='word_1_109' title='bbox 1388 1500 1637 1582; x_wconf 89' lang='lat' dir='ltr'>grammaticum</span> <span class='ocrx_word' id='word_1_110' title='bbox 1660 1507 1693 1563; x_wconf 90' lang='lat' dir='ltr'>et</span> <span class='ocrx_word' id='word_1_111' title='bbox 1746 1569 1750 1578; x_wconf 44' lang='grc'><strong><em>,</em></strong></span> 
     </span>
     <span class='ocr_line' id='line_1_12' title="bbox 251 1598 1694 1685; baseline 0 -22"><span class='ocrx_word' id='word_1_112' title='bbox 251 1621 370 1685; x_wconf 88' lang='lat' dir='ltr'>puram</span> <span class='ocrx_word' id='word_1_113' title='bbox 392 1599 527 1684; x_wconf 80' lang='lat' dir='ltr'>stirpem</span> <span class='ocrx_word' id='word_1_114' title='bbox 550 1598 605 1661; x_wconf 90' lang='lat' dir='ltr'>vel</span> <span class='ocrx_word' id='word_1_115' title='bbox 627 1598 782 1682; x_wconf 89' lang='lat' dir='ltr'>radicem,</span> <span class='ocrx_word' id='word_1_116' title='bbox 804 1599 895 1664; x_wconf 91' lang='lat' dir='ltr'>velut</span> <span class='ocrx_word' id='word_1_117' title='bbox 925 1619 961 1676; x_wconf 86' lang='grc' dir='ltr'><strong><em>εχ</em></strong></span> <span class='ocrx_word' id='word_1_118' title='bbox 983 1608 1063 1683; x_wconf 71' lang='lat' dir='ltr'>quoy,</span> <span class='ocrx_word' id='word_1_119' title='bbox 1094 1609 1127 1664; x_wconf 94' lang='lat' dir='ltr'>et</span> <span class='ocrx_word' id='word_1_120' title='bbox 1160 1601 1296 1685; x_wconf 83' lang='lat' dir='ltr'>stirpem</span> <span class='ocrx_word' id='word_1_121' title='bbox 1330 1601 1509 1682; x_wconf 86' lang='lat' dir='ltr'>verbalem,</span> <span class='ocrx_word' id='word_1_122' title='bbox 1543 1621 1627 1685; x_wconf 91' lang='lat' dir='ltr'>quae</span> <span class='ocrx_word' id='word_1_123' title='bbox 1661 1601 1694 1663; x_wconf 92' lang='lat' dir='ltr'>in</span> 
     </span>
     <span class='ocr_line' id='line_1_13' title="bbox 249 1701 1694 1787; baseline 0.001 -23"><span class='ocrx_word' id='word_1_124' title='bbox 249 1709 397 1787; x_wconf 90' lang='lat' dir='ltr'>tempore</span> <span class='ocrx_word' id='word_1_125' title='bbox 420 1703 585 1786; x_wconf 81' lang='lat' dir='ltr'>praesenti</span> <span class='ocrx_word' id='word_1_126' title='bbox 608 1702 761 1783; x_wconf 88' lang='lat' dir='ltr'>cernitur,</span> <span class='ocrx_word' id='word_1_127' title='bbox 783 1702 875 1766; x_wconf 88' lang='lat' dir='ltr'>velut</span> <span class='ocrx_word' id='word_1_128' title='bbox 906 1721 980 1782; x_wconf 86' lang='grc' dir='ltr'><strong><em>χαιρ</em></strong></span> <span class='ocrx_word' id='word_1_129' title='bbox 1012 1721 1096 1784; x_wconf 90' lang='grc' dir='ltr'><strong><em>ποιε,</em></strong></span> <span class='ocrx_word' id='word_1_130' title='bbox 1131 1702 1343 1766; x_wconf 87' lang='lat' dir='ltr'>fundamenta</span> <span class='ocrx_word' id='word_1_131' title='bbox 1376 1704 1515 1767; x_wconf 89' lang='lat' dir='ltr'>nominis</span> <span class='ocrx_word' id='word_1_132' title='bbox 1548 1701 1694 1766; x_wconf 89' lang='lat' dir='ltr'>verbalis</span> 
     </span>
     <span class='ocr_line' id='line_1_14' title="bbox 254 1800 1695 1891; baseline -0.001 -24"><span class='ocrx_word' id='word_1_133' title='bbox 254 1826 325 1868; x_wconf 89' lang='lat' dir='ltr'>esse</span> <span class='ocrx_word' id='word_1_134' title='bbox 348 1803 507 1869; x_wconf 84' lang='lat' dir='ltr'>docuisse.</span> <span class='ocrx_word' id='word_1_135' title='bbox 553 1805 592 1868; x_wconf 90' lang='lat' dir='ltr'>ln</span> <span class='ocrx_word' id='word_1_136' title='bbox 615 1802 759 1869; x_wconf 86' lang='lat' dir='ltr'>secunda</span> <span class='ocrx_word' id='word_1_137' title='bbox 781 1816 875 1891; x_wconf 87' lang='lat' dir='ltr'>parte</span> <span class='ocrx_word' id='word_1_138' title='bbox 899 1813 1082 1890; x_wconf 88' lang='lat' dir='ltr'>sequuntur</span> <span class='ocrx_word' id='word_1_139' title='bbox 1110 1827 1141 1889; x_wconf 93' lang='lat' dir='ltr'>p.</span> <span class='ocrx_word' id='word_1_140' title='bbox 1172 1803 1233 1868; x_wconf 75' lang='lat'>897</span> <span class='ocrx_word' id='word_1_141' title='bbox 1264 1807 1396 1872; x_wconf 89' lang='lat' dir='ltr'>nomina</span> <span class='ocrx_word' id='word_1_142' title='bbox 1425 1800 1695 1889; x_wconf 62' lang='lat' dir='ltr'>argentinensis</span> 
     </span>
     <span class='ocr_line' id='line_1_15' title="bbox 250 1895 1695 1990; baseline -0.001 -21"><span class='ocrx_word' id='word_1_143' title='bbox 250 1925 307 1990; x_wconf 90' lang='grc' dir='ltr'><strong><em>της</em></strong></span> <span class='ocrx_word' id='word_1_144' title='bbox 330 1901 467 1990; x_wconf 82' lang='grc' dir='ltr'><strong><em>λήγοντα</em></strong></span> <span class='ocrx_word' id='word_1_145' title='bbox 489 1899 641 1988; x_wconf 82' lang='grc' dir='ltr'><strong><em>ἀρσενικὰ</em></strong></span> <span class='ocrx_word' id='word_1_146' title='bbox 663 1901 761 1988; x_wconf 85' lang='grc' dir='ltr'><strong><em>φύσει</em></strong></span> <span class='ocrx_word' id='word_1_147' title='bbox 770 1907 795 1986; x_wconf 81' lang='lat'>1)</span> <span class='ocrx_word' id='word_1_148' title='bbox 816 1901 990 1986; x_wconf 79' lang='grc' dir='ltr'><strong><em>δισύλλαβα</em></strong></span> <span class='ocrx_word' id='word_1_149' title='bbox 1011 1904 1184 1987; x_wconf 84' lang='grc' dir='ltr'><strong><em>βαρύνεται</em></strong></span> <span class='ocrx_word' id='word_1_150' title='bbox 1207 1895 1275 1968; x_wconf 83' lang='grc' dir='ltr'><strong><em>οἷον</em></strong></span> <span class='ocrx_word' id='word_1_151' title='bbox 1298 1903 1402 1990; x_wconf 79' lang='grc' dir='ltr'><strong><em>θύτης,</em></strong></span> <span class='ocrx_word' id='word_1_152' title='bbox 1431 1901 1562 1990; x_wconf 90' lang='grc' dir='ltr'><strong><em>πλύτης,</em></strong></span> <span class='ocrx_word' id='word_1_153' title='bbox 1585 1901 1695 1988; x_wconf 89' lang='grc' dir='ltr'><strong><em>θύτης,</em></strong></span> 
     </span>
     <span class='ocr_line' id='line_1_16' title="bbox 249 2007 1694 2096; baseline -0.001 -24"><span class='ocrx_word' id='word_1_154' title='bbox 249 2007 384 2092; x_wconf 85' lang='grc' dir='ltr'><strong><em>πράτης.</em></strong></span> <span class='ocrx_word' id='word_1_155' title='bbox 435 2011 474 2074; x_wconf 91' lang='lat' dir='ltr'>In</span> <span class='ocrx_word' id='word_1_156' title='bbox 508 2009 559 2072; x_wconf 92' lang='lat' dir='ltr'>his</span> <span class='ocrx_word' id='word_1_157' title='bbox 590 2031 720 2095; x_wconf 90' lang='lat' dir='ltr'>quoque</span> <span class='ocrx_word' id='word_1_158' title='bbox 752 2010 910 2096; x_wconf 86' lang='lat' dir='ltr'>exemplis</span> <span class='ocrx_word' id='word_1_159' title='bbox 948 2011 1080 2074; x_wconf 89' lang='lat' dir='ltr'>nomina</span> <span class='ocrx_word' id='word_1_160' title='bbox 1118 2031 1138 2074; x_wconf 90' lang='lat' dir='ltr'>a</span> <span class='ocrx_word' id='word_1_161' title='bbox 1173 2009 1285 2073; x_wconf 87' lang='lat' dir='ltr'>radios</span> <span class='ocrx_word' id='word_1_162' title='bbox 1322 2009 1463 2073; x_wconf 88' lang='lat' dir='ltr'>formata</span> <span class='ocrx_word' id='word_1_163' title='bbox 1503 2010 1694 2074; x_wconf 90' lang='lat' dir='ltr'>invenimus.</span> 
     </span>
     <span class='ocr_line' id='line_1_17' title="bbox 250 2111 1693 2197; baseline -0.002 -21"><span class='ocrx_word' id='word_1_164' title='bbox 250 2112 387 2176; x_wconf 83' lang='lat' dir='ltr'>Maximi</span> <span class='ocrx_word' id='word_1_165' title='bbox 411 2122 520 2177; x_wconf 89' lang='lat' dir='ltr'>autem</span> <span class='ocrx_word' id='word_1_166' title='bbox 542 2114 697 2177; x_wconf 89' lang='lat' dir='ltr'>momenti</span> <span class='ocrx_word' id='word_1_167' title='bbox 719 2112 782 2176; x_wconf 91' lang='lat' dir='ltr'>hoe</span> <span class='ocrx_word' id='word_1_168' title='bbox 805 2120 855 2176; x_wconf 91' lang='lat' dir='ltr'>est</span> <span class='ocrx_word' id='word_1_169' title='bbox 879 2114 1092 2191; x_wconf 87' lang='lat' dir='ltr'>enuntiatum,</span> <span class='ocrx_word' id='word_1_170' title='bbox 1114 2112 1236 2197; x_wconf 89' lang='lat' dir='ltr'>quippe</span> <span class='ocrx_word' id='word_1_171' title='bbox 1261 2132 1324 2196; x_wconf 88' lang='lat' dir='ltr'>quo</span> <span class='ocrx_word' id='word_1_172' title='bbox 1348 2111 1436 2175; x_wconf 89' lang='lat' dir='ltr'>clare</span> <span class='ocrx_word' id='word_1_173' title='bbox 1460 2120 1557 2197; x_wconf 90' lang='lat' dir='ltr'>atque</span> <span class='ocrx_word' id='word_1_174' title='bbox 1580 2123 1693 2196; x_wconf 89' lang='lat' dir='ltr'>aperte</span> 
     </span>
     <span class='ocr_line' id='line_1_18' title="bbox 251 2211 1695 2311; baseline -0.003 -32"><span class='ocrx_word' id='word_1_175' title='bbox 251 2213 391 2296; x_wconf 91' lang='lat' dir='ltr'>dicatur,</span> <span class='ocrx_word' id='word_1_176' title='bbox 414 2213 493 2300; x_wconf 87' lang='lat' dir='ltr'>quid</span> <span class='ocrx_word' id='word_1_177' title='bbox 523 2236 583 2299; x_wconf 91' lang='lat' dir='ltr'>pro</span> <span class='ocrx_word' id='word_1_178' title='bbox 614 2213 824 2280; x_wconf 88' lang='lat' dir='ltr'>fundamento</span> <span class='ocrx_word' id='word_1_179' title='bbox 855 2216 1023 2278; x_wconf 91' lang='lat' dir='ltr'>nominum</span> <span class='ocrx_word' id='word_1_180' title='bbox 1051 2213 1237 2278; x_wconf 88' lang='lat' dir='ltr'>verbalium</span> <span class='ocrx_word' id='word_1_181' title='bbox 1267 2211 1420 2277; x_wconf 89' lang='lat' dir='ltr'>babuerit</span> <span class='ocrx_word' id='word_1_182' title='bbox 1450 2215 1695 2311; x_wconf 65' lang='lat' dir='ltr'>grammaticus,</span> 
     </span>
     <span class='ocr_line' id='line_1_19' title="bbox 251 2309 1697 2403; baseline -0.004 -21"><span class='ocrx_word' id='word_1_183' title='bbox 251 2339 283 2403; x_wconf 91' lang='lat' dir='ltr'>p.</span> <span class='ocrx_word' id='word_1_184' title='bbox 300 2317 379 2382; x_wconf 83' lang='lat'>898:</span> <span class='ocrx_word' id='word_1_185' title='bbox 402 2309 441 2378; x_wconf 82' lang='grc' dir='ltr'><strong><em>τὰ</em></strong></span> <span class='ocrx_word' id='word_1_186' title='bbox 455 2313 500 2386; x_wconf 84' lang='grc' dir='ltr'><strong><em>εἰς</em></strong></span> <span class='ocrx_word' id='word_1_187' title='bbox 524 2336 560 2400; x_wconf 88' lang='grc' dir='ltr'>ης</span> <span class='ocrx_word' id='word_1_188' title='bbox 584 2311 723 2379; x_wconf 69' lang='grc' dir='ltr'><strong><em>ἐπίθετα</em></strong></span> <span class='ocrx_word' id='word_1_189' title='bbox 744 2309 857 2398; x_wconf 83' lang='grc' dir='ltr'><strong><em>παρὰ</em></strong></span> <span class='ocrx_word' id='word_1_190' title='bbox 879 2311 987 2400; x_wconf 77' lang='grc' dir='ltr'><strong><em>ῥῆμα</em></strong></span> <span class='ocrx_word' id='word_1_191' title='bbox 1010 2310 1153 2380; x_wconf 86' lang='grc' dir='ltr'><strong><em>σύνθετα</em></strong></span> <span class='ocrx_word' id='word_1_192' title='bbox 1175 2312 1221 2386; x_wconf 88' lang='grc' dir='ltr'><strong><em>εἰς</em></strong></span> <span class='ocrx_word' id='word_1_193' title='bbox 1244 2335 1297 2384; x_wconf 87' lang='grc' dir='ltr'>ους</span> <span class='ocrx_word' id='word_1_194' title='bbox 1312 2318 1467 2376; x_wconf 83' lang='grc' dir='ltr'><strong><em>ποιοῦντα</em></strong></span> <span class='ocrx_word' id='word_1_195' title='bbox 1488 2311 1549 2399; x_wconf 78' lang='grc' dir='ltr'><strong><em>τὴν</em></strong></span> <span class='ocrx_word' id='word_1_196' title='bbox 1571 2309 1697 2397; x_wconf 78' lang='grc' dir='ltr'><strong><em>γενικὴν</em></strong></span> 
     </span>
     <span class='ocr_line' id='line_1_20' title="bbox 251 2409 1697 2504; baseline 0.001 -24"><span class='ocrx_word' id='word_1_197' title='bbox 251 2413 407 2501; x_wconf 81' lang='grc' dir='ltr'><strong><em>ὀξύνεται,</em></strong></span> <span class='ocrx_word' id='word_1_198' title='bbox 431 2410 571 2502; x_wconf 78' lang='grc' dir='ltr'><strong><em>εὐσεβής,</em></strong></span> <span class='ocrx_word' id='word_1_199' title='bbox 597 2409 741 2502; x_wconf 78' lang='grc' dir='ltr'><strong><em>εὐλαβής,</em></strong></span> <span class='ocrx_word' id='word_1_200' title='bbox 765 2419 806 2483; x_wconf 93' lang='lat' dir='ltr'>al.</span> <span class='ocrx_word' id='word_1_201' title='bbox 845 2419 896 2483; x_wconf 85' lang='lat' dir='ltr'>Ex</span> <span class='ocrx_word' id='word_1_202' title='bbox 912 2419 962 2482; x_wconf 92' lang='lat' dir='ltr'>his</span> <span class='ocrx_word' id='word_1_203' title='bbox 983 2418 1094 2484; x_wconf 91' lang='lat' dir='ltr'>verbis</span> <span class='ocrx_word' id='word_1_204' title='bbox 1117 2421 1344 2504; x_wconf 81' lang='lat' dir='ltr'>cognoscimus</span> <span class='ocrx_word' id='word_1_205' title='bbox 1366 2417 1594 2483; x_wconf 89' lang='lat' dir='ltr'>Herodianum</span> <span class='ocrx_word' id='word_1_206' title='bbox 1617 2417 1697 2482; x_wconf 90' lang='lat' dir='ltr'>talia</span> 
     </span>
     <span class='ocr_line' id='line_1_21' title="bbox 252 2516 1696 2607; baseline -0.001 -21"><span class='ocrx_word' id='word_1_207' title='bbox 252 2523 383 2586; x_wconf 91' lang='lat' dir='ltr'>nomina</span> <span class='ocrx_word' id='word_1_208' title='bbox 406 2544 425 2585; x_wconf 96' lang='lat' dir='ltr'>a</span> <span class='ocrx_word' id='word_1_209' title='bbox 446 2520 559 2586; x_wconf 88' lang='lat' dir='ltr'>radice</span> <span class='ocrx_word' id='word_1_210' title='bbox 584 2520 733 2587; x_wconf 89' lang='lat' dir='ltr'>derivata</span> <span class='ocrx_word' id='word_1_211' title='bbox 754 2543 833 2586; x_wconf 87' lang='lat' dir='ltr'>vere</span> <span class='ocrx_word' id='word_1_212' title='bbox 855 2520 1058 2587; x_wconf 85' lang='lat' dir='ltr'>intellexisse</span> <span class='ocrx_word' id='word_1_213' title='bbox 1081 2516 1247 2606; x_wconf 79' lang='grc' dir='ltr'><strong><em>ρηματικά.</em></strong></span> <span class='ocrx_word' id='word_1_214' title='bbox 1294 2519 1389 2601; x_wconf 77' lang='lat' dir='ltr'>Quae</span> <span class='ocrx_word' id='word_1_215' title='bbox 1413 2519 1531 2587; x_wconf 91' lang='lat' dir='ltr'>deinde</span> <span class='ocrx_word' id='word_1_216' title='bbox 1556 2544 1696 2607; x_wconf 90' lang='lat' dir='ltr'>sequun-</span> 
     </span>
     <span class='ocr_line' id='line_1_22' title="bbox 250 2620 1697 2721; baseline -0.001 -32"><span class='ocrx_word' id='word_1_217' title='bbox 250 2635 314 2708; x_wconf 89' lang='lat' dir='ltr'>tur,</span> <span class='ocrx_word' id='word_1_218' title='bbox 337 2625 429 2689; x_wconf 89' lang='lat' dir='ltr'>velut</span> <span class='ocrx_word' id='word_1_219' title='bbox 450 2620 564 2708; x_wconf 77' lang='grc' dir='ltr'><strong><em>τροπη,</em></strong></span> <span class='ocrx_word' id='word_1_220' title='bbox 585 2621 676 2708; x_wconf 82' lang='grc' dir='ltr'><strong><em>λαβή,</em></strong></span> <span class='ocrx_word' id='word_1_221' title='bbox 697 2621 784 2708; x_wconf 77' lang='grc' dir='ltr'><strong><em>τιμύ,</em></strong></span> <span class='ocrx_word' id='word_1_222' title='bbox 808 2625 893 2708; x_wconf 80' lang='grc' dir='ltr'><strong><em>φυγή</em></strong></span> <span class='ocrx_word' id='word_1_223' title='bbox 910 2648 929 2688; x_wconf 93' lang='lat' dir='ltr'>a</span> <span class='ocrx_word' id='word_1_224' title='bbox 944 2625 1064 2706; x_wconf 85' lang='lat' dir='ltr'>verbis,</span> <span class='ocrx_word' id='word_1_225' title='bbox 1079 2647 1164 2710; x_wconf 87' lang='lat' dir='ltr'>quae</span> <span class='ocrx_word' id='word_1_226' title='bbox 1179 2624 1222 2689; x_wconf 91' lang='lat' dir='ltr'>ad</span> <span class='ocrx_word' id='word_1_227' title='bbox 1239 2645 1277 2687; x_wconf 89' lang='lat' dir='ltr'>ea</span> <span class='ocrx_word' id='word_1_228' title='bbox 1291 2623 1505 2708; x_wconf 90' lang='lat' dir='ltr'>respondent,</span> <span class='ocrx_word' id='word_1_229' title='bbox 1521 2626 1697 2721; x_wconf 59' lang='lat' dir='ltr'>ducuntur,</span> 
     </span>
     <span class='ocr_line' id='line_1_23' title="bbox 251 2725 1698 2812; baseline -0.001 -21"><span class='ocrx_word' id='word_1_230' title='bbox 251 2750 315 2792; x_wconf 90' lang='lat' dir='ltr'>non</span> <span class='ocrx_word' id='word_1_231' title='bbox 346 2739 396 2792; x_wconf 86' lang='lat' dir='ltr'>est</span> <span class='ocrx_word' id='word_1_232' title='bbox 424 2728 513 2812; x_wconf 92' lang='lat' dir='ltr'>quod</span> <span class='ocrx_word' id='word_1_233' title='bbox 544 2729 688 2810; x_wconf 88' lang='lat' dir='ltr'>afferam,</span> <span class='ocrx_word' id='word_1_234' title='bbox 719 2751 792 2793; x_wconf 89' lang='lat' dir='ltr'>cum</span> <span class='ocrx_word' id='word_1_235' title='bbox 822 2728 903 2793; x_wconf 91' lang='lat' dir='ltr'>nihil</span> <span class='ocrx_word' id='word_1_236' title='bbox 932 2731 979 2792; x_wconf 92' lang='lat' dir='ltr'>eis</span> <span class='ocrx_word' id='word_1_237' title='bbox 1017 2737 1233 2812; x_wconf 85' lang='lat' dir='ltr'>cognoscatur</span> <span class='ocrx_word' id='word_1_238' title='bbox 1259 2727 1357 2789; x_wconf 87' lang='lat' dir='ltr'>novi.</span> <span class='ocrx_word' id='word_1_239' title='bbox 1409 2725 1569 2792; x_wconf 88' lang='lat' dir='ltr'>Videmus</span> <span class='ocrx_word' id='word_1_240' title='bbox 1598 2729 1698 2810; x_wconf 85' lang='lat' dir='ltr'>igitur</span> 
     </span>
     <span class='ocr_line' id='line_1_24' title="bbox 251 2829 1696 2916; baseline -0.001 -21"><span class='ocrx_word' id='word_1_241' title='bbox 251 2830 443 2896; x_wconf 87' lang='lat' dir='ltr'>Herodiano</span> <span class='ocrx_word' id='word_1_242' title='bbox 466 2829 605 2915; x_wconf 90' lang='lat' dir='ltr'>quodvis</span> <span class='ocrx_word' id='word_1_243' title='bbox 628 2852 755 2911; x_wconf 89' lang='lat' dir='ltr'>nomen,</span> <span class='ocrx_word' id='word_1_244' title='bbox 779 2831 958 2916; x_wconf 87' lang='lat' dir='ltr'>quodcum</span> <span class='ocrx_word' id='word_1_245' title='bbox 980 2831 1084 2894; x_wconf 89' lang='lat' dir='ltr'>verbo</span> <span class='ocrx_word' id='word_1_246' title='bbox 1102 2829 1212 2914; x_wconf 89' lang='lat' dir='ltr'>aliquo</span> <span class='ocrx_word' id='word_1_247' title='bbox 1228 2837 1356 2914; x_wconf 85' lang='lat' dir='ltr'>partem</span> <span class='ocrx_word' id='word_1_248' title='bbox 1380 2829 1523 2915; x_wconf 89' lang='lat' dir='ltr'>aliquam</span> <span class='ocrx_word' id='word_1_249' title='bbox 1548 2831 1696 2916; x_wconf 88' lang='lat' dir='ltr'>quamvis</span> 
     </span>
     <span class='ocr_line' id='line_1_25' title="bbox 253 2932 1697 3018; baseline -0.002 -22"><span class='ocrx_word' id='word_1_250' title='bbox 253 2954 392 3018; x_wconf 89' lang='lat' dir='ltr'>parvam</span> <span class='ocrx_word' id='word_1_251' title='bbox 430 2954 633 2998; x_wconf 88' lang='lat' dir='ltr'>communem</span> <span class='ocrx_word' id='word_1_252' title='bbox 664 2933 810 3015; x_wconf 90' lang='lat' dir='ltr'>haberet,</span> <span class='ocrx_word' id='word_1_253' title='bbox 841 2934 882 2997; x_wconf 92' lang='lat' dir='ltr'>ab</span> <span class='ocrx_word' id='word_1_254' title='bbox 920 2956 958 2998; x_wconf 91' lang='lat' dir='ltr'>eo</span> <span class='ocrx_word' id='word_1_255' title='bbox 993 2933 1178 2997; x_wconf 88' lang='lat' dir='ltr'>derivatum</span> <span class='ocrx_word' id='word_1_256' title='bbox 1213 2934 1319 2996; x_wconf 89' lang='lat' dir='ltr'>visum</span> <span class='ocrx_word' id='word_1_257' title='bbox 1363 2953 1443 3013; x_wconf 88' lang='lat' dir='ltr'>esse,</span> <span class='ocrx_word' id='word_1_258' title='bbox 1479 2953 1554 2996; x_wconf 90' lang='lat' dir='ltr'>eum</span> <span class='ocrx_word' id='word_1_259' title='bbox 1588 2932 1697 3014; x_wconf 88' lang='lat' dir='ltr'>igitur,</span> 
     </span>
     <span class='ocr_line' id='line_1_26' title="bbox 256 3034 1697 3123; baseline -0.001 -24"><span class='ocrx_word' id='word_1_260' title='bbox 256 3037 469 3122; x_wconf 90' lang='lat' dir='ltr'>pronuntiare</span> <span class='ocrx_word' id='word_1_261' title='bbox 492 3035 600 3118; x_wconf 89' lang='lat' dir='ltr'>liceat,</span> <span class='ocrx_word' id='word_1_262' title='bbox 623 3035 765 3123; x_wconf 88' lang='lat' dir='ltr'>plurima</span> <span class='ocrx_word' id='word_1_263' title='bbox 795 3037 927 3100; x_wconf 90' lang='lat' dir='ltr'>nomina</span> <span class='ocrx_word' id='word_1_264' title='bbox 952 3034 1083 3101; x_wconf 83' lang='lat' dir='ltr'>Graeca</span> <span class='ocrx_word' id='word_1_265' title='bbox 1114 3037 1280 3120; x_wconf 88' lang='lat' dir='ltr'>accepisse</span> <span class='ocrx_word' id='word_1_266' title='bbox 1310 3034 1470 3116; x_wconf 89' lang='lat' dir='ltr'>verbalia,</span> <span class='ocrx_word' id='word_1_267' title='bbox 1493 3056 1566 3099; x_wconf 89' lang='lat' dir='ltr'>cum</span> <span class='ocrx_word' id='word_1_268' title='bbox 1589 3043 1697 3098; x_wconf 88' lang='lat' dir='ltr'>tamen</span> 
     </span>
     <span class='ocr_line' id='line_1_27' title="bbox 251 3136 1697 3214; baseline -0.002 -12"><span class='ocrx_word' id='word_1_269' title='bbox 251 3161 316 3204; x_wconf 91' lang='lat' dir='ltr'>non</span> <span class='ocrx_word' id='word_1_270' title='bbox 338 3139 594 3202; x_wconf 88' lang='lat' dir='ltr'>demonstrasset</span> <span class='ocrx_word' id='word_1_271' title='bbox 616 3139 843 3203; x_wconf 88' lang='lat' dir='ltr'>formationem</span> <span class='ocrx_word' id='word_1_272' title='bbox 866 3137 957 3202; x_wconf 91' lang='lat' dir='ltr'>illam</span> <span class='ocrx_word' id='word_1_273' title='bbox 980 3140 1102 3201; x_wconf 82' lang='lat' dir='ltr'>iactam</span> <span class='ocrx_word' id='word_1_274' title='bbox 1122 3159 1187 3202; x_wconf 93' lang='lat' dir='ltr'>non</span> <span class='ocrx_word' id='word_1_275' title='bbox 1220 3159 1289 3202; x_wconf 89' lang='lat' dir='ltr'>esse</span> <span class='ocrx_word' id='word_1_276' title='bbox 1320 3139 1451 3201; x_wconf 90' lang='lat' dir='ltr'>inverso</span> <span class='ocrx_word' id='word_1_277' title='bbox 1476 3136 1601 3214; x_wconf 90' lang='lat' dir='ltr'>ordine,</span> <span class='ocrx_word' id='word_1_278' title='bbox 1624 3156 1697 3199; x_wconf 89' lang='lat' dir='ltr'>ver·</span> 
     </span>
     <span class='ocr_line' id='line_1_28' title="bbox 252 3238 1698 3326; baseline -0.006 -18"><span class='ocrx_word' id='word_1_279' title='bbox 252 3243 332 3309; x_wconf 86' lang='lat' dir='ltr'>bum</span> <span class='ocrx_word' id='word_1_280' title='bbox 366 3241 489 3306; x_wconf 88' lang='lat' dir='ltr'>scilieet</span> <span class='ocrx_word' id='word_1_281' title='bbox 519 3264 537 3305; x_wconf 91' lang='lat' dir='ltr'>e</span> <span class='ocrx_word' id='word_1_282' title='bbox 567 3243 696 3305; x_wconf 89' lang='lat' dir='ltr'>nomine</span> <span class='ocrx_word' id='word_1_283' title='bbox 728 3243 888 3326; x_wconf 87' lang='lat' dir='ltr'>originem</span> <span class='ocrx_word' id='word_1_284' title='bbox 922 3241 1065 3306; x_wconf 88' lang='lat' dir='ltr'>duxisse.</span> <span class='ocrx_word' id='word_1_285' title='bbox 1109 3239 1247 3304; x_wconf 91' lang='lat' dir='ltr'>Nullum</span> <span class='ocrx_word' id='word_1_286' title='bbox 1278 3242 1377 3325; x_wconf 87' lang='lat' dir='ltr'>igitur</span> <span class='ocrx_word' id='word_1_287' title='bbox 1410 3239 1586 3304; x_wconf 89' lang='lat' dir='ltr'>discrimen</span> <span class='ocrx_word' id='word_1_288' title='bbox 1619 3238 1698 3302; x_wconf 85' lang='lat' dir='ltr'>feeit</span> 
     </span>
     <span class='ocr_line' id='line_1_29' title="bbox 187 3340 1758 3434; baseline -0.002 -27"><span class='ocrx_word' id='word_1_289' title='bbox 187 3357 192 3367; x_wconf 84' lang='lat'><em>&#39;</em></span> <span class='ocrx_word' id='word_1_290' title='bbox 252 3343 309 3408; x_wconf 90' lang='lat' dir='ltr'>ille</span> <span class='ocrx_word' id='word_1_291' title='bbox 331 3346 383 3406; x_wconf 90' lang='lat' dir='ltr'>vir</span> <span class='ocrx_word' id='word_1_292' title='bbox 406 3343 522 3408; x_wconf 85' lang='lat' dir='ltr'>doctus</span> <span class='ocrx_word' id='word_1_293' title='bbox 544 3345 628 3408; x_wconf 91' lang='lat' dir='ltr'>inter</span> <span class='ocrx_word' id='word_1_294' title='bbox 651 3346 782 3408; x_wconf 92' lang='lat' dir='ltr'>nomina</span> <span class='ocrx_word' id='word_1_295' title='bbox 804 3342 949 3407; x_wconf 91' lang='lat' dir='ltr'>verbalis</span> <span class='ocrx_word' id='word_1_296' title='bbox 971 3343 1174 3425; x_wconf 85' lang='lat' dir='ltr'>significatus</span> <span class='ocrx_word' id='word_1_297' title='bbox 1197 3351 1229 3406; x_wconf 90' lang='lat' dir='ltr'>et</span> <span class='ocrx_word' id='word_1_298' title='bbox 1250 3341 1308 3407; x_wconf 93' lang='lat' dir='ltr'>illa</span> <span class='ocrx_word' id='word_1_299' title='bbox 1321 3340 1466 3406; x_wconf 88' lang='lat' dir='ltr'>verbalis</span> <span class='ocrx_word' id='word_1_300' title='bbox 1482 3341 1696 3407; x_wconf 89' lang='lat' dir='ltr'>formationis.</span> <span class='ocrx_word' id='word_1_301' title='bbox 1754 3425 1758 3434; x_wconf 27' lang='grc' dir='ltr'>ι</span> 
     </span>
    </p>

    <p class='ocr_par' dir='ltr' id='par_1_3' title="bbox 252 3444 1700 4352">
     <span class='ocr_line' id='line_1_30' title="bbox 358 3444 1696 3531; baseline -0.001 -23"><span class='ocrx_word' id='word_1_302' title='bbox 358 3445 553 3511; x_wconf 84' lang='lat' dir='ltr'>Nostrorum</span> <span class='ocrx_word' id='word_1_303' title='bbox 575 3447 863 3531; x_wconf 89' lang='lat' dir='ltr'>grammaticorum</span> <span class='ocrx_word' id='word_1_304' title='bbox 885 3468 951 3510; x_wconf 92' lang='lat' dir='ltr'>non</span> <span class='ocrx_word' id='word_1_305' title='bbox 973 3447 1072 3530; x_wconf 89' lang='lat' dir='ltr'>pauci</span> <span class='ocrx_word' id='word_1_306' title='bbox 1094 3445 1178 3509; x_wconf 89' lang='lat' dir='ltr'>hanc</span> <span class='ocrx_word' id='word_1_307' title='bbox 1201 3446 1397 3508; x_wconf 88' lang='lat' dir='ltr'>sententiam</span> <span class='ocrx_word' id='word_1_308' title='bbox 1420 3466 1513 3510; x_wconf 84' lang='lat' dir='ltr'>suam</span> <span class='ocrx_word' id='word_1_309' title='bbox 1536 3444 1696 3507; x_wconf 84' lang='lat' dir='ltr'>iecerunt.</span> 
     </span>
     <span class='ocr_line' id='line_1_31' title="bbox 253 3545 1698 3633; baseline -0.003 -21"><span class='ocrx_word' id='word_1_310' title='bbox 253 3545 385 3612; x_wconf 81' lang='lat' dir='ltr'>Curtius</span> <span class='ocrx_word' id='word_1_311' title='bbox 396 3547 420 3627; x_wconf 53' lang='grc' dir='ltr'>λ)</span> <span class='ocrx_word' id='word_1_312' title='bbox 445 3546 573 3612; x_wconf 90' lang='lat' dir='ltr'>disertis</span> <span class='ocrx_word' id='word_1_313' title='bbox 597 3548 729 3633; x_wconf 88' lang='lat' dir='ltr'>quidem</span> <span class='ocrx_word' id='word_1_314' title='bbox 751 3547 863 3612; x_wconf 88' lang='lat' dir='ltr'>verbis</span> <span class='ocrx_word' id='word_1_315' title='bbox 884 3546 961 3630; x_wconf 83' lang='grc' dir='ltr'><strong><em>τιμη</em></strong></span> <span class='ocrx_word' id='word_1_316' title='bbox 994 3569 1022 3612; x_wconf 92' lang='lat' dir='ltr'>e.</span> <span class='ocrx_word' id='word_1_317' title='bbox 1045 3569 1076 3632; x_wconf 89' lang='lat' dir='ltr'>g.</span> <span class='ocrx_word' id='word_1_318' title='bbox 1112 3547 1296 3612; x_wconf 91' lang='lat' dir='ltr'>derivatum</span> <span class='ocrx_word' id='word_1_319' title='bbox 1327 3569 1398 3612; x_wconf 91' lang='lat' dir='ltr'>esse</span> <span class='ocrx_word' id='word_1_320' title='bbox 1429 3546 1513 3610; x_wconf 88' lang='lat' dir='ltr'>dixit</span> <span class='ocrx_word' id='word_1_321' title='bbox 1545 3569 1564 3610; x_wconf 89' lang='lat' dir='ltr'>a</span> <span class='ocrx_word' id='word_1_322' title='bbox 1596 3547 1698 3630; x_wconf 91' lang='lat' dir='ltr'>stirpe</span> 
     </span>
     <span class='ocr_line' id='line_1_32' title="bbox 252 3645 1697 3732; baseline -0.001 -18"><span class='ocrx_word' id='word_1_323' title='bbox 252 3672 317 3731; x_wconf 93' lang='grc' dir='ltr'><strong><em>τιμ,</em></strong></span> <span class='ocrx_word' id='word_1_324' title='bbox 347 3673 412 3714; x_wconf 92' lang='lat' dir='ltr'>non</span> <span class='ocrx_word' id='word_1_325' title='bbox 449 3673 468 3714; x_wconf 91' lang='lat' dir='ltr'>a</span> <span class='ocrx_word' id='word_1_326' title='bbox 503 3650 607 3715; x_wconf 87' lang='lat' dir='ltr'>verbo</span> <span class='ocrx_word' id='word_1_327' title='bbox 644 3645 757 3732; x_wconf 86' lang='grc' dir='ltr'><strong><em>τιμάω,</em></strong></span> <span class='ocrx_word' id='word_1_328' title='bbox 796 3649 914 3715; x_wconf 90' lang='lat' dir='ltr'>deinde</span> <span class='ocrx_word' id='word_1_329' title='bbox 947 3660 1055 3714; x_wconf 89' lang='lat' dir='ltr'>autem</span> <span class='ocrx_word' id='word_1_330' title='bbox 1085 3649 1269 3714; x_wconf 90' lang='lat' dir='ltr'>nominibus</span> <span class='ocrx_word' id='word_1_331' title='bbox 1302 3647 1499 3713; x_wconf 90' lang='lat' dir='ltr'>verbalibus</span> <span class='ocrx_word' id='word_1_332' title='bbox 1532 3649 1697 3732; x_wconf 91' lang='lat' dir='ltr'>adscripto</span> 
     </span>
     <span class='ocr_line' id='line_1_33' title="bbox 254 3749 1700 3839; baseline -0.003 -20"><span class='ocrx_word' id='word_1_333' title='bbox 254 3755 408 3839; x_wconf 90' lang='lat' dir='ltr'>opposuit</span> <span class='ocrx_word' id='word_1_334' title='bbox 442 3755 574 3817; x_wconf 91' lang='lat' dir='ltr'>nomina</span> <span class='ocrx_word' id='word_1_335' title='bbox 614 3751 866 3835; x_wconf 88' lang='lat' dir='ltr'>denominativa,</span> <span class='ocrx_word' id='word_1_336' title='bbox 903 3756 1026 3838; x_wconf 91' lang='lat' dir='ltr'>quippe</span> <span class='ocrx_word' id='word_1_337' title='bbox 1054 3755 1109 3838; x_wconf 89' lang='lat' dir='ltr'>qui</span> <span class='ocrx_word' id='word_1_338' title='bbox 1134 3753 1348 3834; x_wconf 87' lang='lat' dir='ltr'>distingueret</span> <span class='ocrx_word' id='word_1_339' title='bbox 1371 3750 1453 3815; x_wconf 90' lang='lat' dir='ltr'>duas</span> <span class='ocrx_word' id='word_1_340' title='bbox 1476 3760 1604 3816; x_wconf 86' lang='lat' dir='ltr'>tantum</span> <span class='ocrx_word' id='word_1_341' title='bbox 1625 3749 1700 3814; x_wconf 89' lang='lat' dir='ltr'>illas</span> 
     </span>
     <span class='ocr_line' id='line_1_34' title="bbox 254 3852 1699 3944; baseline -0.004 -22"><span class='ocrx_word' id='word_1_342' title='bbox 254 3859 391 3944; x_wconf 89' lang='lat' dir='ltr'>species.</span> <span class='ocrx_word' id='word_1_343' title='bbox 434 3855 664 3935; x_wconf 66' lang='lat' dir='ltr'>Kuehnerusl)</span> <span class='ocrx_word' id='word_1_344' title='bbox 682 3877 812 3941; x_wconf 89' lang='lat' dir='ltr'>quoque</span> <span class='ocrx_word' id='word_1_345' title='bbox 834 3857 976 3937; x_wconf 89' lang='lat' dir='ltr'>nomina,</span> <span class='ocrx_word' id='word_1_346' title='bbox 991 3876 1077 3941; x_wconf 87' lang='lat' dir='ltr'>quae</span> <span class='ocrx_word' id='word_1_347' title='bbox 1100 3878 1119 3918; x_wconf 89' lang='lat' dir='ltr'>a</span> <span class='ocrx_word' id='word_1_348' title='bbox 1141 3853 1252 3919; x_wconf 90' lang='lat' dir='ltr'>radice</span> <span class='ocrx_word' id='word_1_349' title='bbox 1268 3861 1359 3918; x_wconf 90' lang='lat' dir='ltr'>anta</span> <span class='ocrx_word' id='word_1_350' title='bbox 1374 3852 1477 3918; x_wconf 86' lang='lat' dir='ltr'>verbo</span> <span class='ocrx_word' id='word_1_351' title='bbox 1498 3853 1699 3934; x_wconf 88' lang='lat' dir='ltr'>derivantur,</span> 
     </span>
     <span class='ocr_line' id='line_1_35' title="bbox 254 3957 1700 4044; baseline -0.002 -21"><span class='ocrx_word' id='word_1_352' title='bbox 254 3960 429 4023; x_wconf 89' lang='lat' dir='ltr'>coniuncta</span> <span class='ocrx_word' id='word_1_353' title='bbox 452 3959 499 4022; x_wconf 91' lang='lat' dir='ltr'>eis</span> <span class='ocrx_word' id='word_1_354' title='bbox 524 3958 686 4044; x_wconf 89' lang='lat' dir='ltr'>opposuit,</span> <span class='ocrx_word' id='word_1_355' title='bbox 710 3980 794 4043; x_wconf 88' lang='lat' dir='ltr'>quae</span> <span class='ocrx_word' id='word_1_356' title='bbox 817 3981 836 4022; x_wconf 88' lang='lat' dir='ltr'>a</span> <span class='ocrx_word' id='word_1_357' title='bbox 859 3958 1043 4022; x_wconf 89' lang='lat' dir='ltr'>nominibus</span> <span class='ocrx_word' id='word_1_358' title='bbox 1068 3959 1226 4041; x_wconf 86' lang='lat' dir='ltr'>originem</span> <span class='ocrx_word' id='word_1_359' title='bbox 1249 3957 1425 4040; x_wconf 86' lang='lat' dir='ltr'>duxerunt,</span> <span class='ocrx_word' id='word_1_360' title='bbox 1455 3979 1531 4021; x_wconf 91' lang='lat' dir='ltr'>cum</span> <span class='ocrx_word' id='word_1_361' title='bbox 1564 3976 1700 4042; x_wconf 87' lang='lat' dir='ltr'>prorsus</span> 
     </span>
     <span class='ocr_line' id='line_1_36' title="bbox 254 4059 1699 4145; baseline -0.002 -20"><span class='ocrx_word' id='word_1_362' title='bbox 254 4061 353 4125; x_wconf 81' lang='lat' dir='ltr'>facile</span> <span class='ocrx_word' id='word_1_363' title='bbox 375 4084 440 4126; x_wconf 91' lang='lat' dir='ltr'>non</span> <span class='ocrx_word' id='word_1_364' title='bbox 464 4083 535 4125; x_wconf 89' lang='lat' dir='ltr'>esse</span> <span class='ocrx_word' id='word_1_365' title='bbox 559 4060 683 4126; x_wconf 89' lang='lat' dir='ltr'>diceret</span> <span class='ocrx_word' id='word_1_366' title='bbox 708 4060 908 4145; x_wconf 86' lang='lat' dir='ltr'>distinguere</span> <span class='ocrx_word' id='word_1_367' title='bbox 933 4062 1018 4124; x_wconf 91' lang='lat' dir='ltr'>inter</span> <span class='ocrx_word' id='word_1_368' title='bbox 1046 4063 1178 4124; x_wconf 91' lang='lat' dir='ltr'>nomina</span> <span class='ocrx_word' id='word_1_369' title='bbox 1211 4059 1360 4124; x_wconf 90' lang='lat' dir='ltr'>derivata</span> <span class='ocrx_word' id='word_1_370' title='bbox 1390 4081 1410 4124; x_wconf 93' lang='lat' dir='ltr'>a</span> <span class='ocrx_word' id='word_1_371' title='bbox 1438 4060 1552 4125; x_wconf 86' lang='lat' dir='ltr'>radios</span> <span class='ocrx_word' id='word_1_372' title='bbox 1586 4069 1619 4122; x_wconf 91' lang='lat' dir='ltr'>et</span> <span class='ocrx_word' id='word_1_373' title='bbox 1651 4081 1699 4140; x_wconf 86' lang='lat' dir='ltr'>ea,</span> 
     </span>
     <span class='ocr_line' id='line_1_37' title="bbox 256 4161 1700 4256; baseline -0.003 -30"><span class='ocrx_word' id='word_1_374' title='bbox 256 4184 341 4248; x_wconf 89' lang='lat' dir='ltr'>quae</span> <span class='ocrx_word' id='word_1_375' title='bbox 377 4186 396 4226; x_wconf 89' lang='lat' dir='ltr'>a</span> <span class='ocrx_word' id='word_1_376' title='bbox 424 4162 534 4227; x_wconf 90' lang='lat' dir='ltr'>verbis</span> <span class='ocrx_word' id='word_1_377' title='bbox 563 4163 737 4248; x_wconf 89' lang='lat' dir='ltr'>primitivis</span> <span class='ocrx_word' id='word_1_378' title='bbox 768 4162 867 4227; x_wconf 89' lang='lat' dir='ltr'>ducta</span> <span class='ocrx_word' id='word_1_379' title='bbox 897 4163 1045 4243; x_wconf 70' lang='lat' dir='ltr'>essent4).</span> <span class='ocrx_word' id='word_1_380' title='bbox 1097 4161 1286 4228; x_wconf 87' lang='lat' dir='ltr'>Lobeekius</span> <span class='ocrx_word' id='word_1_381' title='bbox 1324 4170 1438 4228; x_wconf 91' lang='lat' dir='ltr'>eontra</span> <span class='ocrx_word' id='word_1_382' title='bbox 1467 4163 1533 4246; x_wconf 86' lang='lat' dir='ltr'>egit</span> <span class='ocrx_word' id='word_1_383' title='bbox 1564 4161 1700 4256; x_wconf 65' lang='lat' dir='ltr'>cautius,</span> 
     </span>
     <span class='ocr_line' id='line_1_38' title="bbox 265 4261 1699 4352; baseline -0.002 -24"><span class='ocrx_word' id='word_1_384' title='bbox 265 4266 361 4330; x_wconf 90' lang='lat' dir='ltr'>euius</span> <span class='ocrx_word' id='word_1_385' title='bbox 383 4266 488 4330; x_wconf 89' lang='lat' dir='ltr'>verba</span> <span class='ocrx_word' id='word_1_386' title='bbox 511 4266 552 4330; x_wconf 92' lang='lat' dir='ltr'>de</span> <span class='ocrx_word' id='word_1_387' title='bbox 576 4287 615 4330; x_wconf 89' lang='lat' dir='ltr'>ea</span> <span class='ocrx_word' id='word_1_388' title='bbox 635 4288 670 4330; x_wconf 93' lang='lat' dir='ltr'>re</span> <span class='ocrx_word' id='word_1_389' title='bbox 693 4266 774 4332; x_wconf 87' lang='lat' dir='ltr'>baec</span> <span class='ocrx_word' id='word_1_390' title='bbox 796 4265 920 4346; x_wconf 87' lang='lat' dir='ltr'>sunt⁵):</span> <span class='ocrx_word' id='word_1_391' title='bbox 957 4265 1042 4352; x_wconf 80' lang='lat' dir='ltr'>,Sed</span> <span class='ocrx_word' id='word_1_392' title='bbox 1064 4289 1144 4331; x_wconf 92' lang='lat' dir='ltr'>num</span> <span class='ocrx_word' id='word_1_393' title='bbox 1163 4261 1259 4348; x_wconf 90' lang='grc' dir='ltr'><strong><em>λύπη,</em></strong></span> <span class='ocrx_word' id='word_1_394' title='bbox 1288 4275 1325 4328; x_wconf 90' lang='lat' dir='ltr'>ut</span> <span class='ocrx_word' id='word_1_395' title='bbox 1346 4264 1433 4329; x_wconf 89' lang='lat' dir='ltr'>idern</span> <span class='ocrx_word' id='word_1_396' title='bbox 1470 4265 1699 4344; x_wconf 84' lang='lat' dir='ltr'>(Buttmannus</span> 
     </span>
    </p>
   </div>
   <div class='ocr_carea' id='block_1_3' title="bbox 259 4411 1700 4924">
    <p class='ocr_par' dir='ltr' id='par_1_4' title="bbox 259 4411 1700 4576">
     <span class='ocr_line' id='line_1_39' title="bbox 364 4411 1699 4490; baseline -0.004 -18"><span class='ocrx_word' id='word_1_397' title='bbox 364 4420 386 4484; x_wconf 91' lang='lat'>1)</span> <span class='ocrx_word' id='word_1_398' title='bbox 406 4415 494 4472; x_wconf 81' lang='grc' dir='ltr'><strong><em>Φύσει</em></strong></span> <span class='ocrx_word' id='word_1_399' title='bbox 512 4416 624 4471; x_wconf 90' lang='lat' dir='ltr'>addidit</span> <span class='ocrx_word' id='word_1_400' title='bbox 642 4419 850 4490; x_wconf 87' lang='lat' dir='ltr'>grammaticus,</span> <span class='ocrx_word' id='word_1_401' title='bbox 863 4424 895 4473; x_wconf 92' lang='lat' dir='ltr'>ut</span> <span class='ocrx_word' id='word_1_402' title='bbox 908 4419 1022 4472; x_wconf 90' lang='lat' dir='ltr'>nomina</span> <span class='ocrx_word' id='word_1_403' title='bbox 1040 4418 1119 4472; x_wconf 89' lang='lat' dir='ltr'>velut</span> <span class='ocrx_word' id='word_1_404' title='bbox 1137 4411 1239 4490; x_wconf 72' lang='grc' dir='ltr'><strong><em>λῃστής</em></strong></span> <span class='ocrx_word' id='word_1_405' title='bbox 1258 4418 1412 4486; x_wconf 89' lang='lat' dir='ltr'>separaret,</span> <span class='ocrx_word' id='word_1_406' title='bbox 1431 4431 1505 4486; x_wconf 90' lang='lat' dir='ltr'>quae</span> <span class='ocrx_word' id='word_1_407' title='bbox 1523 4417 1628 4470; x_wconf 87' lang='lat' dir='ltr'>natura</span> <span class='ocrx_word' id='word_1_408' title='bbox 1648 4430 1699 4466; x_wconf 86' lang='lat' dir='ltr'>sua</span> 
     </span>
     <span class='ocr_line' id='line_1_40' title="bbox 259 4500 1700 4576; baseline -0.004 -17"><span class='ocrx_word' id='word_1_409' title='bbox 259 4503 409 4576; x_wconf 89' lang='lat' dir='ltr'>bisyllaba</span> <span class='ocrx_word' id='word_1_410' title='bbox 426 4521 484 4557; x_wconf 90' lang='lat' dir='ltr'>non</span> <span class='ocrx_word' id='word_1_411' title='bbox 502 4508 577 4561; x_wconf 88' lang='lat' dir='ltr'>sunt.</span> <span class='ocrx_word' id='word_1_412' title='bbox 1697 4500 1700 4505; x_wconf 82' lang='lat'>&#39;</span> 
     </span>
    </p>

    <p class='ocr_par' dir='ltr' id='par_1_5' title="bbox 365 4590 1422 4662">
     <span class='ocr_line' id='line_1_41' title="bbox 365 4590 1422 4662; baseline -0.002 -18"><span class='ocrx_word' id='word_1_413' title='bbox 365 4591 387 4662; x_wconf 75' lang='lat' dir='ltr'>a)</span> <span class='ocrx_word' id='word_1_414' title='bbox 406 4591 450 4644; x_wconf 89' lang='lat' dir='ltr'>De</span> <span class='ocrx_word' id='word_1_415' title='bbox 468 4591 612 4644; x_wconf 90' lang='lat' dir='ltr'>nominum</span> <span class='ocrx_word' id='word_1_416' title='bbox 631 4591 805 4646; x_wconf 83' lang='lat' dir='ltr'>Graecorum</span> <span class='ocrx_word' id='word_1_417' title='bbox 826 4593 1005 4662; x_wconf 84' lang='lat' dir='ltr'>formatione,</span> <span class='ocrx_word' id='word_1_418' title='bbox 1022 4590 1149 4645; x_wconf 88' lang='lat' dir='ltr'>Berolini</span> <span class='ocrx_word' id='word_1_419' title='bbox 1166 4590 1243 4656; x_wconf 87' lang='grc'><strong><em>1842,</em></strong></span> <span class='ocrx_word' id='word_1_420' title='bbox 1262 4607 1290 4659; x_wconf 92' lang='lat' dir='ltr'>p.</span> <span class='ocrx_word' id='word_1_421' title='bbox 1308 4590 1342 4644; x_wconf 84' lang='grc'>27</span> <span class='ocrx_word' id='word_1_422' title='bbox 1361 4605 1422 4659; x_wconf 90' lang='lat' dir='ltr'>sqq.</span> 
     </span>
    </p>

    <p class='ocr_par' dir='ltr' id='par_1_6' title="bbox 364 4677 623 4748">
     <span class='ocr_line' id='line_1_42' title="bbox 364 4677 623 4748; baseline 0.004 -17"><span class='ocrx_word' id='word_1_423' title='bbox 364 4680 386 4747; x_wconf 68' lang='grc' dir='ltr'>Β)</span> <span class='ocrx_word' id='word_1_424' title='bbox 404 4679 422 4732; x_wconf 92' lang='lat' dir='ltr'>l.</span> <span class='ocrx_word' id='word_1_425' title='bbox 442 4678 459 4737; x_wconf 90' lang='lat' dir='ltr'>l.</span> <span class='ocrx_word' id='word_1_426' title='bbox 478 4677 501 4744; x_wconf 86' lang='grc' dir='ltr'><strong><em>Ι,</em></strong></span> <span class='ocrx_word' id='word_1_427' title='bbox 518 4679 544 4748; x_wconf 91' lang='grc'><strong><em>2,</em></strong></span> <span class='ocrx_word' id='word_1_428' title='bbox 562 4678 623 4734; x_wconf 80' lang='grc'><strong><em>265.</em></strong></span> 
     </span>
    </p>

    <p class='ocr_par' dir='ltr' id='par_1_7' title="bbox 359 4765 612 4839">
     <span class='ocr_line' id='line_1_43' title="bbox 359 4765 612 4839; baseline 0.016 -21"><span class='ocrx_word' id='word_1_429' title='bbox 359 4766 383 4839; x_wconf 74' lang='grc'>4)</span> <span class='ocrx_word' id='word_1_430' title='bbox 402 4765 420 4821; x_wconf 89' lang='lat'>1.</span> <span class='ocrx_word' id='word_1_431' title='bbox 441 4766 460 4823; x_wconf 88' lang='lat'>1.</span> <span class='ocrx_word' id='word_1_432' title='bbox 478 4766 492 4819; x_wconf 97' lang='grc' dir='ltr'>Ι</span> <span class='ocrx_word' id='word_1_433' title='bbox 509 4766 534 4836; x_wconf 91' lang='grc'><strong><em>2,</em></strong></span> <span class='ocrx_word' id='word_1_434' title='bbox 552 4767 612 4822; x_wconf 84' lang='grc'><strong><em>258.</em></strong></span> 
     </span>
    </p>

    <p class='ocr_par' dir='ltr' id='par_1_8' title="bbox 365 4852 1004 4924">
     <span class='ocr_line' id='line_1_44' title="bbox 365 4852 1004 4924; baseline 0.006 -19"><span class='ocrx_word' id='word_1_435' title='bbox 365 4853 386 4924; x_wconf 76' lang='lat'>⁵)</span> <span class='ocrx_word' id='word_1_436' title='bbox 405 4852 599 4923; x_wconf 86' lang='lat' dir='ltr'>Rhematicon,</span> <span class='ocrx_word' id='word_1_437' title='bbox 618 4852 781 4924; x_wconf 87' lang='lat' dir='ltr'>Regimonti</span> <span class='ocrx_word' id='word_1_438' title='bbox 800 4853 876 4923; x_wconf 88' lang='grc'><strong><em>1846,</em></strong></span> <span class='ocrx_word' id='word_1_439' title='bbox 897 4871 925 4923; x_wconf 89' lang='lat' dir='ltr'>p.</span> <span class='ocrx_word' id='word_1_440' title='bbox 943 4854 1004 4909; x_wconf 81' lang='grc'><strong><em>271.</em></strong></span> 
     </span>
    </p>
   </div>
   <div class='ocr_carea' id='block_1_4' title="bbox 0 0 1913 5518">
    <p class='ocr_par' dir='ltr' id='par_1_9' title="bbox 0 0 1913 5518">
     <span class='ocr_line' id='line_1_45' title="bbox 0 0 1913 5518; baseline 0 0"><span class='ocrx_word' id='word_1_441' title='bbox 0 0 1913 5518; x_wconf 95' lang='lat' dir='ltr'> </span> 
     </span>
    </p>
   </div>
  </div>
 </body>
</html>
