3796 5518
895 421 1105 486 ..66-

275 615 386 672 eutem
402 606 457 671 ille
475 602 703 684 πιστευμάτοιν
718 608 765 670 eis
782 605 951 692 exemplis,
975 629 1060 692 qnae
1083 629 1181 692 supra
1203 629 1235 692 p.
1251 605 1293 672 55
1309 607 1413 690 attuli,
1435 608 1527 676 velut
1550 603 1720 695 εὐνήματα,

273 706 465 792 κορεόματα,
487 709 540 789 al.,
564 710 642 773 satis
663 709 855 773 illustratur.

383 811 535 878 Alterum
559 812 786 898 disputationis
808 809 917 876 looum
940 811 1105 877 obtineant
1139 833 1255 876 versus
1284 813 1345 880 Eu.
1380 813 1510 897 236l40‚
1535 816 1590 880 ubi
1614 819 1721 882 verba

274 912 400 980 Orestis
423 915 465 979 ed
490 915 659 978 Minervae
683 935 773 978 erem
797 911 941 978 sedentis
963 913 1045 979 haee
1068 923 1158 980 sunt:

632 1009 707 1100 ἥκω,
730 1016 824 1091 δέχου
847 1013 883 1078 δὲ
905 1016 1093 1095 πρευμενῶς
1110 1006 1284 1097 ἀλάστορα,

636 1110 674 1181 ori
696 1114 944 1198 προστρόπαιον
964 1109 1034 1179 οὐδ’
1058 1109 1254 1199 ἀφοίβαντον
1273 1123 1359 1202 χέρα,

632 1213 699 1282 ἀλλ’
723 1214 846 1300 ἀμβλὺν
870 1214 933 1303 ἤδη
956 1224 1256 1300 προστετριμμένον
1277 1241 1312 1282 τε
1333 1219 1420 1302 πρός

628 1315 777 1385 ,ἄλλοισιν
799 1319 900 1391 οἴκοις
920 1321 972 1384 καὶ
993 1318 1174 1402 πορεόμσσι
1194 1324 1332 1403 βροτῶν,

636 1417 736 1503 ὅμοια
756 1426 875 1504 χέρσον
898 1423 951 1485 καὶ
972 1421 1141 1486 θάλασσαν
1163 1419 1320 1504 ἐκπερῶν.

381 1528 500 1592 Parum
518 1535 607 1592 reote
623 1526 730 1591 adhue
745 1526 951 1592 intellectum
967 1549 1037 1591 esse
1055 1527 1131 1590 mihi
1147 1527 1289 1610 videtur,
1303 1527 1381 1612 quid
1394 1527 1556 1610 significet
1568 1529 1631 1593 hoo
1642 1529 1716 1594 loeo

271 1630 473 1710 πορεόμστα,
519 1629 554 1694 Si
588 1631 672 1694 enim
702 1629 763 1694 hoe
781 1641 912 1694 'nomen
944 1629 1133 1694 derivamus
1168 1652 1186 1692 a
1215 1628 1364 1694 sollemni
1386 1630 1441 1695 illo
1464 1652 1585 1716 genere
1606 1631 1716 1696 medio

231 1783 234 1789 .
272 1728 482 1815 πορεύεσθαι,
519 1734 648 1797 exsistit
677 1735 727 1797 vis
758 1735 894 1814 itineris,
931 1734 1048 1797 itionir.
1111 1733 1160 1798 Ea
1189 1742 1296 1798 autem
1327 1742 1465 1817 aooepta
1493 1732 1586 1798 loeus
1617 1756 1716 1798 sensu

273 1858 385 1901 cassus
415 1846 502 1900 esset
532 1837 670 1918 omnino,
695 1859 769 1900 oum
804 1831 997 1916 πορεόματα
1028 1833 1153 1916 βροτῶν
1181 1837 1342 1900 neminem
1377 1857 1450 1899 eum
1481 1835 1652 1901 Sohuetzio
1683 1847 1717 1900 et

271 1937 447 2004 Dindorfio
479 1937 722 2003 intellecturum
755 1959 825 2002 esse
854 1957 983 2022 sperem
1013 1938 1130 2002 itinera
1160 1938 1202 2002 ad
1231 1937 1379 2002 homines
1406 1937 1503 2002 faeta.
1549 1936 1583 2002 Si
1607 1950 1714 2002 autem

271 2039 409 2104 verbum
450 2041 590 2104 activum
623 2040 873 2104 fundamentum
910 2040 1048 2104 nominis
1085 2061 1155 2104 esse
1185 2039 1337 2104 volumus
1381 2042 1477 2124 eique
1507 2039 1714 2104 attribuimus

270 2142 497 2228 significatum,
515 2144 571 2228 qui
588 2151 638 2206 est
652 2137 759 2224 πόρον
774 2149 893 2224 ποιεῖν,
910 2163 1018 2228 quem,
1042 2143 1103 2206 etsi
1125 2163 1286 2227 nusquam
1310 2141 1441 2226 legitur,
1463 2140 1587 2205 habere
1603 2129 1713 2206 tamen

270 2245 565 2330 poteratverbum,
588 2245 628 2309 cf.
645 2241 801 2325 χορεύειν,
824 2240 978 2326 τορεύειν,
1001 2244 1055 2325 al.‚
1077 2238 1229 2323 πόρευμα
1250 2243 1505 2328 intellegendum
1528 2251 1577 2307 est
1598 2239 1713 2324 πόρος,

270 2350 334 2412 via.
381 2347 477 2412 Hane
508 2357 617 2412 autem
644 2348 811 2412 notionem
834 2345 920 2410 mele
943 2367 1173 2432 responsuram
1196 2369 1265 2411 esse
1289 2345 1331 2410 ad
1353 2347 1444 2412 illam
1466 2347 1604 2412 nominis
1627 2337 1714 2416 οἶκος

271 2452 344 2536 quis
368 2459 417 2515 est
439 2453 517 2536 quin
541 2449 662 2532 videat,
684 2471 791 2535 neque
816 2448 948 2514 defendi
972 2458 1084 2535 posset
1106 2451 1133 2513 is
1156 2449 1356 2534 signifieatus
1370 2449 1521 2514 versibus
1536 2449 1598 2514 Eu.
1614 2449 1713 2530 45415

270 2551 370 2616 πάλαι
400 2547 486 2633 πρὸς
514 2547 622 2622 ἄλλοις
650 2544 738 2614 ταῦτ’
761 2543 975 2634 ἀφιερώμεθα
997 2549 1114 2615 οἴκοισι
1135 2552 1187 2614 καῖ
1207 2555 1333 2633 βοτοῖσι
1355 2552 1407 2614 καὶ
1429 2545 1534 2634 ῥυτοῖς
1554 2550 1670 2634 πόροις
1678 2552 1713 2634 ¹),

271 2679 345 2722 cum
376 2678 414 2720 eo
444 2655 517 2720 loco
550 2655 615 2719 duo
646 2677 759 2719 versus
798 2655 884 2733 (239.
915 2656 991 2728 240)
1022 2655 1054 2719 in
1087 2677 1187 2718 unum
1217 2655 1306 2735 (455)
1337 2657 1496 2720 contracti
1520 2656 1593 2721 sint.
1637 2655 1712 2719 Una

270 2759 371 2841 igitur
401 2758 682 2844 interpretationis
713 2759 766 2820 via
786 2757 903 2822 relicta
927 2768 983 2823 est.
1029 2756 1063 2822 Si
1087 2759 1328 2822 meminerimus
1350 2752 1502 2838 πορεόειν
1524 2780 1595 2823 esse
1619 2757 1711 2841 „loeo

270 2855 412 2927 movere
433 2859 575 2945 aliquid“
610 2860 710 2946 idque
742 2859 782 2924 de
814 2861 955 2924 navibus
978 2861 1077 2924 etiam
1102 2858 1225 2925 dietum
1249 2882 1331 2942 esse,
1353 2859 1610 2928 volutemur.
1630 2861 1711 2927 1086

270 2959 328 3043 ε’μὲ
356 2961 392 3026 δὲ
420 2956 559 3026 πόντιον
579 2958 703 3043 σκάφος
732 2961 737 3044 Ι
768 2955 887 3025 άῖσσον
917 2968 1065 3044 πτεροῖσι
1087 2958 1241 3044 πορεύσει
1266 2967 1270 3039 l
1297 2957 1482 3042 ἱππόβοτον
1499 2957 1625 3044 Ἄργος,
1646 2986 1709 3028 non

269 3066 391 3146 dubito,
423 3068 501 3152 quin
531 3063 683 3146 πόρευμα
712 3065 910 3131 intellecturi
943 3055 1042 3129 simus
1071 3060 1110 3127 τὸ
1139 3062 1289 3147 πορεῦον,
1322 3066 1355 3130 id
1387 3064 1474 3150 quod
1497 3064 1570 3130 loeo
1594 3076 1739 3142 movet·

268 3191 396 3235 nerem.
456 3169 583 3233 Eodem
624 3191 721 3234 sensu
755 3169 894 3253 legimus
930 3169 989 3234 ΙΑ.
1030 3167 1172 3248 uuest-300
1204 3162 1320 3231 ἐνθάδ’
1352 3153 1420 3230 οἷον
1443 3164 1577 3246 εἰδόμαν
1597 3168 1601 3251 Ι
1620 3163 1711 3232 νάιον

270 3268 419 3352 πόρευμα
453 3269 493 3334 de
529 3271 635 3336 classe
669 3270 873 3337 Graecorum
911 3271 1044 3345 dietum,
1076 3269 1131 3336 Pr.
1165 3269 1229 3335 484
1258 3261 1423 3351 λινόπτερ’
1454 3255 1527 3351 εὗρε
1556 3263 1710 3334 ναυτίλον

271 3365 422 3464 ὀχήματα,
452 3373 508 3440 ΙΤ.
537 3374 660 3453 409β10
689 3371 860 3437 ἔπλευσαν·
880 3370 936 3437 ἐπὶ
969 3372 1088 3437 πόντια
1119 3369 1241 3453 κόμοια
1260 3374 1265 3457 Ι
1284 3373 1374 3437 νάιον
1396 3369 1503 3456 ὄχημα
1523 3369 1710 3452 λινοπόροις

269 3471 422 3556 αὕραιςλ).
468 3475 503 3541 Si
536 3476 598 3558 hie,
629 3499 693 3563 quo
721 3479 916 3542 instructum
941 3501 1011 3544 esse
1034 3480 1102 3544 dixi
1123 3478 1204 3544 illud
1227 3501 1354 3560 nomen,
1378 3477 1579 3561 significatus
1602 3485 1710 3541 rectus

270 3589 329 3661 est,
362 3579 519 3644 habemus
550 3602 619 3645 eem
652 3582 826 3662 notionem,
858 3603 943 3667 quae
974 3593 1181 3669 comparetur
1211 3604 1285 3646 oum
1308 3582 1437 3646 nomine
1460 3577 1556 3648 οἴκοις
1578 3599 1709 3665 quoque

271 3683 443 3764 efficietur,
466 3695 503 3746 ut
525 3706 640 3748 versus
662 3706 758 3770 quem
782 3693 960 3750 tractamus
982 3685 1181 3769 respondeat
1202 3684 1301 3771 plene
1324 3682 1366 3748 ad
1389 3704 1462 3748 eum
1481 3683 1536 3768 qui
1551 3683 1707 3767 seqnitur.

269 3783 436 3868 Ceterum,
478 3808 551 3851 eum
590 3784 724 3852 Orestes
757 3809 874 3852 navem
912 3789 1042 3854 omnino
1078 3810 1141 3852 non
1185 3786 1410 3853 conscenderit
1455 3787 1487 3850 in
1522 3783 1603 3869 fuga
1639 3806 1707 3864 sua,

269 3888 367 3952 maris
385 3897 417 3952 et
432 3889 526 3952 navis
538 3891 657 3953 mentio
674 3889 762 3953 facte
786 3901 844 3970 est,
869 3912 933 3974 quo
949 3892 1038 3953 notio
1054 3892 1276 3955 universitatis
1290 3892 1538 3976 exprimeretur,
1558 3886 1707 3953 Orestem

269 3989 395 4053 seilicet
426 4011 586 4074 nusquam
614 4012 679 4055 non
709 4000 864 4074 vagatum
899 4014 979 4076 esse,
1012 3992 1105 4058 velut
1128 3992 1227 4078 Soph.
1251 3994 1314 4058 An.
1341 3993 1422 4058 1108
1452 3990 1531 4056 Cleo
1554 3991 1645 4058 iubet
1668 3983 1709 4053 ἴτ’

267 4081 308 4153 ἴτ’
340 4082 490 4172 όπάονες,
521 4088 558 4154 οἴ
580 4085 608 4154 τ’
639 4085 728 4162 ὄντες
757 4090 793 4154 οἵ
818 4087 846 4156 τ’
875 4088 1025 4177 ἀπόντες,
1053 4097 1073 4159 i.
1106 4117 1132 4161 ε.
1157 4117 1268 4162 ornnes
1290 4094 1381 4160 nullo
1406 4102 1555 4180 excepto,
1577 4092 1708 4178 aliaque

267 4191 414 4270 multe³).

374 4397 395 4470 ¹)
416 4397 536 4451 Weilins
554 4398 663 4465 βοτοῖσι
681 4401 864 4454 eommutavit
882 4401 911 4453 in
929 4400 1050 4468 βοτοῖσι.

376 4487 397 4554 ¹)
416 4484 504 4538 Recte
526 4501 627 4540 navem
652 4485 851 4540 intellexerunt
875 4482 972 4558 ὄχημα
993 4487 1111 4541 Weilins
1136 4485 1174 4539 ad
1192 4485 1210 4544 l.
1234 4491 1261 4540 et
1286 4485 1407 4542 Jebbius
1427 4487 1463 4540 ad
1483 4487 1568 4560 Soph.
1588 4487 1636 4545 Tr.
1655 4489 1706 4542 656

265 4571 399 4643 analogia
431 4571 582 4625 verborum
610 4567 686 4626 πόδα
715 4571 828 4644 βαίνειν,
858 4574 906 4644 al.;
937 4578 1103 4630 erraverunt
1127 4572 1306 4627 Hermennus
1325 4573 1362 4626 ad
1380 4574 1398 4630 l.
1418 4579 1446 4628 et
1470 4574 1706 4630 Wilemowitzius

283 4657 302 4710 d
437 4698 444 4712 .

265 4674 282 4710 ⁹·
320 4658 730 4818 ΗΡ4)5ἴλο1ιοοοεαοουῖετοε
746 4745 938 4801 Wilamowitz
956 4745 992 4798 ad
1012 4745 1071 4804 HF.
1093 4747 1174 4816 11063
1194 4745 1326 4802 Remmer
1345 4746 1398 4800 Die
1417 4747 1514 4817 polare
1535 4745 1705 4799 ausdruoks·

263 4831 356 4900 weise,
375 4831 525 4903 Beitraege
544 4849 594 4884 aur
612 4831 678 4889 hist.
697 4837 772 4902 synt.
792 4832 842 4886 der
861 4851 903 4904 gr.
922 4832 1050 4903 spreehe,
1072 4833 1148 4888 1903.
