3796 5518
826 397 1035 462 ..43-

210 595 320 652 autem
365 586 486 651 dixisse
529 584 609 649 mihi
652 584 777 664 videor,
822 582 911 669 quod
957 582 1020 648 hoc
1064 581 1160 654 modo
1204 587 1336 651 nomina
1375 608 1395 650 a
1433 588 1528 652 certis
1573 595 1656 652 tem·

213 679 332 776 porum
348 688 461 754 formis
484 687 634 752 derivata
657 709 728 752 esse
753 684 908 751 dicuntur
932 707 1041 771 neque
1070 687 1187 768 minus,
1214 687 1303 773 quod
1330 689 1461 754 nomina
1489 711 1509 752 a
1539 689 1653 754 radice

214 790 323 873 ducta,
338 790 431 857 velut
445 784 594 873 γραφεύς,
615 781 730 871 κριτής,
752 786 901 852 verbalia
924 785 1139 874 accipiuntur,
1164 811 1237 854 eam
1260 811 1330 854 rem
1353 813 1424 855 esse
1444 790 1653 856 referendam

210 893 254 960 ad
283 893 471 980 exemplum
503 891 693 972 Herodiani,
722 891 814 956 cuius
844 891 1072 956 auctoritatem
1104 890 1195 976 apud
1224 893 1441 978 posteriorum
1463 903 1648 977 temporum

209 998 442 1081 grammaticos
472 992 649 1082 plurimum
672 992 816 1058 valuisse
840 1001 976 1060 constat.
1021 992 1083 1058 Ille
1106 1013 1207 1059 unum
1231 994 1384 1082 quodque
1406 1017 1533 1078 nomen,
1563 993 1653 1081 quod

211 1097 382 1165 verbalem
405 1095 624 1183 significatum
646 1118 727 1182 prae
750 1117 785 1160 se
808 1094 946 1178 ferebat,
966 1095 1104 1161 verbale
1121 1118 1192 1162 esse
1209 1097 1359 1180 dicebat;
1382 1098 1441 1164 sed
1457 1096 1653 1184 quantulum

210 1225 246 1268 re
277 1224 359 1279 vera
388 1201 468 1266 talia
496 1200 629 1265 nomina
660 1209 692 1265 et
713 1199 817 1264 verba
840 1221 1012 1264 commune
1034 1199 1187 1281 habeant,
1216 1200 1285 1264 Leo
1308 1200 1424 1284 Meyer
1435 1199 1459 1278 1)
1491 1200 1655 1286 exemplis

207 1327 285 1370 usus
319 1303 444 1384 δίδωμι,
466 1296 577 1384 doado,
599 1298 692 1371 δόσις
713 1300 798 1366 bene
824 1303 988 1387 exposuit,
1019 1323 1104 1388 quae
1128 1305 1237 1367 omnia
1260 1301 1358 1366 ducta
1381 1313 1458 1366 sunt
1480 1325 1499 1366 a
1522 1302 1655 1367 duabus

205 1404 271 1471 illis
292 1404 410 1472 litteris
428 1405 476 1468 δο.

317 1509 482 1595 Equidem
513 1529 633 1594 sequar
659 1507 867 1591 Dionysium,
896 1517 934 1570 ut
960 1527 1079 1571 nomen
1108 1528 1187 1571 vere
1215 1505 1352 1571 verbale
1381 1515 1528 1588 tractem,
1559 1507 1652 1591 quod

206 1611 332 1677 scilicet
347 1612 389 1676 ab
405 1613 478 1696 ipso
498 1611 600 1675 verbo
618 1611 803 1675 derivatum
815 1624 874 1676 est.
908 1609 1029 1674 Utrum
1044 1608 1096 1673 hic
1111 1611 1345 1694 grammaticus
1368 1609 1500 1674 nomina
1513 1609 1651 1686 actionis

208 1723 336 1780 tantum
355 1723 388 1777 et
403 1715 530 1798 agentis
545 1713 744 1778 intellexerit
761 1710 918 1795 verbalia,
936 1735 977 1776 an
992 1721 1104 1778 cetera
1120 1733 1264 1798 quoqne,
1279 1732 1364 1798 quae
1385 1733 1406 1775 a
1425 1711 1530 1775 verbo
1554 1711 1654 1776 ducta

206 1828 290 1898 sunt,
304 1818 351 1882 ita
369 1817 542 1900 acceperit,
556 1837 716 1900 nusquam
742 1815 871 1880 dicitur.
905 1813 998 1879 Haec
1022 1815 1162 1900 quidem·
1178 1817 1409 1883 commentatio
1433 1813 1654 1880 continebitur

182 1919 388 2004 ¹nominibus
436 1920 583 1996 actionis,
631 1939 769 2004 quorum
810 1916 891 1981 fines
921 1926 990 1983 tum
1012 1991 1013 1994 Ἴ
1032 1928 1159 1982 tanturn
1194 1917 1363 1998 excedam,
1397 1939 1472 1982 cum
1509 1938 1549 1980 sa
1578 1918 1655 2004 ipsa

209 2022 308 2087 alium
337 2022 556 2106 significatum
586 2022 830 2108 assumpserint.
893 2019 1035 2085 Nomina
1065 2041 1206 2106 quoque,
1237 2041 1323 2105 quae
1363 2021 1397 2083 iu
1438 2037 1473 2087 ος
1503 2038 1576 2101 ηια
1598 2039 1654 2090 τος

204 2146 243 2208 τη
259 2125 486 2206 terminantur,
511 2123 595 2205 dico,
619 2146 647 2188 e.
663 2145 695 2207 g.
719 2119 857 2203 ἔλεγχος,
877 2114 1004 2204 ἅμιλλα,
1027 2117 1175 2204 ἁμαρτία,
1196 2117 1344 2204 κωκυτὸς,
1366 2118 1472 2204 βιοτή,
1494 2121 1649 2186 hocloco

206 2215 357 2290 omittere
379 2224 458 2290 licet
480 2225 570 2291 nullo
595 2226 802 2306 detrimento,
833 2247 907 2288 cnm
929 2247 1007 2290 usus
1031 2247 1144 2290 eorum
1168 2225 1256 2312 apud
1280 2225 1422 2308 tragicos
1447 2234 1479 2288 et
1502 2225 1645 2289 comicos

205 2329 354 2393 diversus
376 2330 506 2394 omnino
528 2350 594 2394 non
617 2330 668 2394 sit.
714 2327 763 2390 Ea
785 2337 913 2391 tantum
929 2327 1092 2409 tractabo,
1109 2326 1228 2412 quibus
1244 2325 1369 2413 aliquid
1387 2324 1430 2390 ad
1444 2328 1653 2412 propositum

134 2493 138 2501 ,
203 2430 445 2517 assequendum
468 2432 610 2496 conferri
633 2431 746 2516 possit,
770 2431 925 2495 exeuntia
948 2429 1072 2494 scilicet
1094 2430 1225 2494 nomina
1247 2431 1279 2494 in
1303 2428 1370 2491 δων
1392 2442 1441 2498 σις
1461 2448 1519 2507 μος
1540 2449 1596 2508 μα.

795 2938 891 3010 Pars
913 2938 1050 3008 Prima.

303 3114 478 3181 Nominum
512 3135 572 3198 per
605 3113 671 3175 δων
708 3111 923 3176 formatorum
957 3110 1145 3195 Aeschylus
1181 3112 1273 3176 novit
1316 3105 1468 3193 ἀχθηδών
1504 3110 1558 3177 Pr.
1592 3112 1651 3194 26,

202 3216 378 3304 Sophocles
400 3205 546 3300 ἀλγηδών
562 3213 631 3282 OO.
647 3214 728 3298 5143
751 3215 927 3301 Euripides
945 3215 1109 3300 usurparit
1128 3213 1326 3299 compluries
1343 3205 1494 3298 ἀλγηδών,
1511 3214 1576 3279 Me.
1593 3215 1648 3297 24,

202 3319 254 3402 56,
287 3318 381 3401 1031,
418 3319 482 3386 An.
514 3317 588 3398 259,
625 3317 665 3382 fr.
695 3318 736 3380 fr.
767 3317 840 3397 573,
870 3315 944 3397 908,
976 3311 1177 3400 ξυναλγηδων
1211 3315 1266 3383 Su.
1300 3318 1351 3382 74.
1407 3315 1646 3402 Aristophanes

203 3424 333 3510 scripsit
361 3421 444 3488 Ach.
468 3422 489 3485 4
516 3411 588 3504 φέρ’
618 3417 686 3502 ἴδω,
716 3413 800 3482 τίδ’
824 3411 933 3504 ἥσθην
955 3413 1042 3489 ἄξων
1064 3413 1268 3503 χαιρηδόνος,
1295 3418 1385 3505 quod
1408 3441 1527 3484 nomen
1550 3442 1645 3506 para·

203 3527 441 3611 tragoedicum,
463 3528 556 3590 cuius
572 3523 661 3588 modi
676 3525 906 3589 formationum
924 3546 962 3588 ea
984 3525 1057 3609 ipsa
1078 3521 1193 3587 fabula
1214 3521 1312 3608 plena
1335 3532 1395 3604 est,
1416 3520 1647 3604 intellegimus.

203 3629 255 3694 De
278 3629 341 3693 hoc
361 3638 470 3693 autem
494 3630 633 3708 nomine,
656 3627 746 3714 quod
768 3648 831 3691 uno
854 3626 917 3691 hoo
940 3625 1012 3691 loco
1034 3627 1208 3707 invenitur,
1231 3624 1385 3707 inspicias
1401 3622 1531 3706 librum,
1548 3645 1649 3710 quern

202 3731 343 3818 Jnngins
374 3729 414 3794 de
444 3729 665 3816 singularibus
696 3729 885 3794 comoediae
917 3728 1088 3793 vocabulis
1111 3725 1352 3812 conscripsit').
1396 3726 1499 3813 Apud
1522 3737 1647 3792 ceteros

206 3837 347 3900 comicos
368 3832 461 3898 nulla
490 3834 629 3918 legimns
660 3832 778 3897 similia
806 3830 982 3914 vocabula,
1012 3829 1130 3917 quibus
1153 3830 1325 3912 universis,
1353 3850 1436 3911 curn,
1460 3851 1524 3915 quo
1547 3828 1666 3894 modo-

203 3939 345 4002 formata
378 3937 442 4000 sint
473 3957 604 4020 quoquc
635 3934 822 4019 significatu
849 3934 1010 4018 praedita,
1040 3943 1211 4020 appareat,
1244 3954 1378 4017 operam
1409 3930 1549 4016 amplius
1580 3952 1649 3996 non.

204 4039 364 4106 dabimus.
597 4050 598 4054 ’
1238 4029 1239 4036 '

309 4140 427 4208 Statim
446 4149 576 4206 transeo
594 4138 638 4204 ad
655 4160 693 4202 ea
709 4159 793 4224 quae
809 4159 870 4225 per
885 4153 935 4207 σις
950 4139 1167 4201 terminantur
1176 4136 1212 4213 ³).
1247 4134 1375 4200 Horum
1390 4133 1585 4218 Aeschylus,
1608 4144 1646 4200 ut

204 4269 223 4310 a
245 4245 434 4330 praecipuis
464 4241 584 4323 ordiar,
616 4264 654 4307 ea
684 4241 842 4326 imprimis
872 4239 1066 4324 usurpabat,
1095 4260 1179 4324 quae
1203 4238 1352 4303 derivata
1375 4245 1470 4301 erant
1491 4258 1511 4300 a
1535 4235 1651 4301 verbis

204 4347 379 4414 contractis
401 4347 434 4410 in
458 4365 499 4408 εω
523 4352 555 4409 et
577 4365 620 4406 οω
643 4342 849 4426 exeuntibus,
871 4342 964 4406 velut
987 4335 1118 4425 ἄρνησις
1140 4340 1202 4406 Eu.
1226 4339 1299 4422 591,
1320 4329 1477 4420 ἀτίμωσις
1496 4337 1556 4405 Ch.
1571 4339 1651 4422 434,

307 4545 513 4620 ¹)Ausfueh1l.
533 4545 656 4600 Gramm.
677 4544 727 4598 der
745 4563 788 4616 gr.
806 4543 866 4596 und
884 4541 1071 4597 lateinischen
1093 4541 1213 4610 sprache
1233 4540 1261 4594 Il
1281 4559 1309 4611 p.
1326 4542 1371 4596 80.

304 4636 326 4708 ²)
345 4635 469 4706 Jungins
497 4633 541 4686 De
566 4631 714 4688 vocabulis
737 4632 872 4702 antiquae
895 4629 1056 4684 comoediae
1081 4629 1205 4698 Atticae,
1233 4645 1306 4699 quas
1331 4626 1408 4697 apud
1427 4627 1502 4682 solos
1522 4626 1645 4680 comicos

202 4726 253 4776 aut
274 4722 387 4776 omnino
412 4720 596 4775 inveniuntur
626 4723 676 4772 aut
702 4718 840 4788 peculiari
863 4717 978 4771 notione
997 4715 1128 4786 praedita
1158 4719 1320 4784 occurrunt,
1341 4713 1546 4768 Amstelodami
1566 4713 1649 4768 1897.

306 4809 328 4881 8)
347 4809 391 4864 Of.
410 4806 546 4862 Kuehner
564 4807 582 4862 l.
601 4807 619 4866 l.
638 4806 652 4858 Ι
670 4809 695 4875 2,
707 4806 774 4875 27ος
792 4805 948 4858 Buttmann
966 4804 984 4858 l.
1003 4804 1021 4865 l,
1039 4801 1068 4856 Il
1087 4803 1148 4860 399.
