3796 5518
858 393 1065 457 -ηη,

246 598 301 648 est.
357 581 451 646 Haec
493 592 567 644 sunt
618 581 725 643 omnia
765 579 960 665 Sophoclea,
1006 579 1114 644 allatis
1157 591 1266 644 tamen
1310 579 1512 665 singulorum
1550 578 1686 664 singulis

246 684 413 770 exemplis

352 785 398 850 Ut
421 786 534 871 primis
557 784 760 870 temporibus
784 785 925 864 nomina,
949 805 1032 868 quae
1056 787 1088 847 in
1111 805 1169 865 τηρ
1193 794 1324 865 exeunt,
1340 784 1480 847 formam
1495 784 1685 848 femininam

244 912 308 954 non
340 887 514 970 habebant,
550 887 590 950 cf.
624 882 737 969 μήτηρ,
770 875 924 970 θυγάτηρ,
962 886 1008 949 sic
1043 908 1091 965 ea,
1133 908 1217 970 quae
1257 887 1291 948 in
1327 905 1391 967 τωρ
1421 886 1563 949 formata
1600 898 1685 966 sunt,

245 993 374 1056 omnino
399 999 596 1077 receperunt
619 973 752 1069 nullam,
774 988 818 1050 ita
841 998 876 1049 ut
900 1010 960 1072 pro
983 1010 1104 1072 genere
1128 990 1282 1052 feminino
1305 987 1435 1070 legatur
1459 988 1684 1066 masculinum,

248 1095 338 1158 velut
379 1096 442 1176 Ag.
482 1093 540 1156 113
573 1094 715 1170 πέμπειν
745 1086 803 1150 σὺν
834 1089 907 1166 δορὶ
933 1089 986 1152 καὶ
1013 1089 1084 1170 χερὶ
1113 1086 1280 1173 πράκτορι,
1324 1089 1380 1155 Su.
1417 1090 1498 1155 1050
1532 1090 1685 1170 θέλκτορι

244 1199 373 1278 Πειθοῖ,
397 1193 494 1280 Soph.
520 1194 570 1262 m.
595 1195 666 1273 860,
691 1189 747 1257 Or.
771 1191 852 1256 1684
883 1193 1017 1278 aliisque
1040 1193 1129 1260 locis.

353 1296 591 1381 Aristophanes
626 1306 732 1358 autem
766 1306 799 1357 et
833 1316 943 1358 omnes
977 1305 1095 1380 poetae
1126 1295 1240 1359 comici
1269 1319 1369 1360 unum
1407 1306 1533 1361 tantum
1567 1317 1683 1359 nomen

245 1401 447 1484 usurpabant
470 1397 589 1462 suffixo
613 1417 676 1476 τωρ
698 1397 892 1481 praeditum,
917 1397 989 1461 dico
1013 1393 1129 1482 ῥὴτωρ,
1149 1397 1231 1464 Ach.
1248 1397 1299 1480 38,
1316 1397 1388 1480 680,
1411 1399 1471 1484 Eq.
1488 1399 1530 1462 60
1545 1397 1683 1482 aliisque

245 1502 326 1567 locis
341 1524 405 1566 non
429 1502 552 1586 paucis.
598 1497 715 1563 Cetera
738 1502 856 1581 omnia,
881 1523 964 1585 quae
988 1503 1076 1586 apud
1100 1523 1155 1565 eos
1178 1501 1340 1584 leguntur,
1364 1495 1501 1582 ἀλέκτωρ
1525 1499 1587 1565 Nu.
1611 1502 1684 1582 663,

248 1607 340 1686 1427,
363 1604 423 1667 Ve.
450 1603 542 1678 1490,
564 1601 624 1666 Ra.
647 1603 720 1683 932,
744 1603 888 1666 Platonis
912 1603 950 1668 fr.
975 1605 1047 1684 209,
1070 1609 1207 1684 κτίστωρ
1232 1604 1294 1670 Av.
1311 1605 1383 1685 926,
1405 1598 1511 1685 ῥάτωρ
1535 1603 1594 1669 Th.
1614 1603 1685 1684 108,

245 1703 399 1788 πράκτωρ
436 1705 495 1768 Ra.
537 1705 628 1787 1289,
666 1701 942 1785 έγγλωττογάστωρ
979 1706 1041 1767 Αν.
1082 1706 1174 1788 1695,
1212 1717 1267 1770 τιατ
1300 1704 1430 1770 aliunde
1466 1716 1595 1790 sumpta
1629 1716 1685 1770 aut

246 1831 395 1873 sermone
418 1809 471 1871 vcl
494 1818 598 1871 metro
622 1807 752 1871 sublimi
774 1823 933 1893 usurpata
956 1819 1040 1872 sunt.
1068 1813 1069 1818 ’

352 1911 479 1975 Nomen
503 1920 610 1973 autem
627 1909 801 1990 nominale,
826 1910 860 1972 id
876 1908 960 1988 dico,
976 1931 1041 1995 quo
1064 1929 1128 1988 τωρ
1153 1908 1339 1973 adiunctum
1364 1919 1412 1974 est
1434 1911 1526 1996 stirpi
1548 1911 1685 1973 nominis

247 2013 395 2094 alicuius,
423 2036 487 2076 non
518 2013 636 2076 inveni.
683 2011 735 2082 De
765 2003 935 2089 ἀσπίστωρ
964 2023 1074 2076 autem
1106 2013 1169 2096 Ag.
1199 2013 1273 2093 413,
1303 2013 1390 2096 quod
1420 2036 1482 2076 nou
1514 2016 1611 2098 pauci
1640 2014 1685 2076 ita

245 2116 452 2200 interpretati
476 2126 558 2197 sunt,
581 2115 666 2178 infra
689 2117 751 2176 erit
774 2113 959 2179 dicendum.
995 2113 1085 2178 Talis
1108 2117 1193 2178 enim
1218 2117 1402 2179 coniunctio
1420 2115 1532 2179 suffixi
1547 2126 1685 2179 naturae

248 2228 280 2282 et
311 2216 507 2302 significatui
537 2217 713 2303 principali
751 2219 880 2281 omnino
919 2227 1091 2303 repugnat,
1127 2239 1234 2301 neque
1265 2227 1354 2281 recte
1385 2218 1475 2302 apud
1504 2217 1685 2281 Homerum

243 2321 346 2386 Ι404
379 2311 445 2382 οὐδ’
476 2313 537 2381 ὅσα
566 2318 673 2388 λὰιυος
704 2313 798 2388 οὐδὸς
827 2314 987 2402 ἀφήτορος
1019 2314 1109 2388 έυτός
1143 2317 1243 2399 ἐέργει
1280 2323 1400 2399 Φοίβου
1431 2315 1634 2388 Ἀπόλλωνος
1666 2341 1686 2382 a

248 2420 383 2505 D'Ooge
414 2417 548 2506 ἀφὴτωρ
580 2423 620 2486 ab
645 2415 711 2503 ἀφὴ
733 2422 914 2485 derivatum
939 2422 1106 2507 cardoque
1128 2422 1331 2486 intellectum
1356 2432 1414 2504 est,
1446 2424 1516 2504 ctsi,
1539 2422 1626 2486 unde
1649 2421 1682 2484 id

244 2547 362 2589 nomen
393 2523 577 2588 ducendum
609 2526 659 2606 sit,
690 2524 796 2588 adhuc
824 2515 891 2587 non
924 2534 1066 2606 constat,
1095 2546 1160 2609 qua
1191 2525 1232 2588 de
1261 2547 1298 2588 re
1322 2526 1513 2610 inspiciatur
1536 2525 1684 2588 Lexicon

246 2627 467 2691 Homericum.

352 2729 524 2794 Nominum
551 2753 633 2814 quac
658 2733 689 2793 in
713 2751 771 2810 τηρ
796 2732 1011 2794 terminantur
1035 2730 1124 2813 apud
1140 2729 1341 2812 Aeschylum
1365 2729 1523 2793 habemus
1542 2731 1683 2814 primum

247 2827 351 2913 ὀπτὴρ
382 2831 438 2896 Su.
472 2834 542 2912 191,
585 2832 681 2913 δοτὴρ
712 2831 765 2895 Pr.
798 2832 870 2912 639,
910 2823 1089 2911 ἀυαστατὴρ
1120 2831 1172 2896 Se.
1205 2833 1297 2912 1006,
1335 2825 1492 2914 ἀναλυτὴρ
1523 2829 1580 2895 Oh.
1614 2831 1683 2909 160,

245 2928 381 3017 ῥαιστὴρ
415 2933 468 2998 Pr.
493 2935 543 3012 66,
580 2932 726 3016 μυηστὴρ
762 2933 815 2998 Pr.
847 2935 919 3014 766,
954 2928 1149 3017 ἀυδρολετὴρ
1179 2934 1231 3000 Se.
1263 2935 1342 3016 3013
1380 2933 1498 2999 deinde
1527 2933 1684 3014 verbalia,

250 3036 342 3100 velut
374 3034 595 3119 μασχαλιστὴρ
628 3037 682 3103 Pr.
719 3037 768 3117 71,
818 3032 1030 3119 ἀπασπιστὴρ
1064 3036 1120 3102 Su.
1159 3037 1264 3117 188¹),
1307 3033 1484 3121 τευχηστὴρ
1521 3037 1577 3103 Pe.
1612 3037 1684 3117 904,

246 3128 429 3224 ἀτιμαστὴρ
461 3139 514 3204 Se.
543 3141 616 3219 624,
645 3138 822 3224 μαστικτὴρ
848 3141 902 3208 8α.
927 3142 991 3206 475
1032 3144 1220 3206 coniectura
1243 3153 1333 3206 certa
1355 3145 1508 3228 positum,
1537 3137 1684 3224 τιυακτὴρ

245 3241 302 3305 Pr.
326 3242 399 3324 966,
434 3240 568 3322 κτεατὴρ
591 3245 654 3327 Ag.
678 3245 751 3325 368,
789 3236 923 3326 εὗυητὴρ
951 3245 1005 3308 Pr.
1028 3245 1100 3323 923,
1133 3241 1302 3328 πευθητὴρ
1325 3245 1381 3311 Pe.
1406 3247 1478 3326 949,
1516 3235 1685 3326 ἀμπυκτὴρ

246 3343 297 3409 Se.
314 3345 386 3426 448,
399 3337 558 3426 εὐθυντὴρ
576 3345 631 3410 Su.
648 3347 718 3427 726,
733 3342 877 3431 μηνοτὴρ
891 3347 951 3412 Εα.
968 3347 1047 3430 246,
1069 3343 1224 3430 μακιστὴρ
1236 3347 1293 3412 Pe.
1311 3348 1373 3412 700
1389 3343 1433 3430 μὴ
1456 3370 1487 3410 τι
1502 3346 1685 3429 μακιστῆρα

245 3447 361 3525 μῦθον,
391 3441 470 3508 ἀλλὰ
500 3442 660 3527 σύντομον
682 3449 790 3526 λέγων,
819 3473 895 3514 num
920 3474 937 3513 a
962 3449 1038 3513 ficto
1063 3448 1203 3535 quodam
1225 3449 1369 3527 μακίζειυ
1398 3452 1547 3515 derivare
1577 3449 1685 3528 liceat,

248 3550 367 3615 nescio.
398 3550 500 3634 Apud
517 3550 707 3635 Euripidem
724 3551 851 3632 desunt,
869 3554 979 3615 nescio
1003 3575 1043 3616 an
1068 3555 1162 3633 t'orte,
1188 3574 1225 3616 ea
1248 3551 1406 3632 verbalia,
1430 3575 1551 3638 quaea
1573 3551 1684 3616 verbis

247 3653 280 3714 in
314 3672 369 3728 υω,
406 3673 468 3712 υυω
508 3655 665 3735 originem
707 3652 880 3735 duxerunt,
920 3655 1005 3739 apud
1048 3653 1244 3739 Sophoclem
1278 3666 1452 3740 praeterea
1488 3655 1546 3719 illa
1576 3657 1684 3734 etiam,

246 3775 384 3838 quorum
421 3755 517 3840 stirps
551 3756 584 3819 in
618 3754 761 3820 litteram
795 3757 990 3840 gutturalem
1022 3761 1098 3820 exit.
1145 3755 1265 3821 Cetera
1295 3771 1403 3822 autem
1428 3744 1585 3842 usurpata
1610 3771 1685 3820 sunt

245 3857 289 3919 ita
311 3867 348 3920 ut
370 3855 412 3920 ab
436 3857 613 3943 Aeschylo

352 3960 423 4023 Iam
458 3961 484 4024 si
519 3963 717 4026 comicorum
753 3985 846 4025 usum
881 3962 1126 4047 perlustramus
1157 3968 1288 4028 nomina
1318 3965 1351 4027 in
1380 3983 1439 4045 τηρ
1471 3973 1503 4027 et
1526 3973 1685 4049 quantum

245 4064 360 4126 attinet
390 4064 431 4126 ad
465 4086 569 4146 genus
593 4075 625 4126 et
648 4075 805 4150 quantum
829 4065 871 4130 ad
895 4087 1064 4130 numerum
1087 4068 1165 4130 artis
1193 4066 1313 4130 finibus
1339 4066 1586 4149 circumscripta
1613 4085 1685 4128 esse

246 4163 404 4228 videmus
450 4167 607 4251 Exceptis
638 4166 686 4230 his
721 4178 886 4251 quattuor,
917 4190 1000 4253 quae
1024 4179 1098 4232 sunt
1121 4163 1293 4252 τροπωτὴρ
1315 4168 1397 4232 Ach.
1422 4168 1495 4246 649,
1524 4162 1685 4252 χαρακτὴρ

246 4266 304 4332 Pa.
328 4269 401 4350 220,
425 4265 549 4352 ἑλικτὴρ
573 4269 611 4336 fr.
629 4269 701 4351 320,
724 4268 896 4354 κλιμακτὴρ
919 4274 958 4338 tr.
988 4271 1061 4352 277,
1096 4269 1252 4334 suffixum
1285 4292 1344 4354 τηρ
1378 4272 1440 4356 ipsi
1471 4271 1562 4356 stirpi
1586 4267 1685 4333 adde-

247 4371 355 4451 batur,
381 4372 426 4433 ita
457 4385 503 4451 ut,
535 4381 674 4455 excepto
703 4394 767 4436 uno
801 4366 915 4456 ἐλατὴρ
944 4372 1026 4439 Ach.
1057 4374 1130 4455 246,
1164 4374 1226 4459 Eq.
1261 4373 1350 4454 1182,
1387 4371 1479 4456 1265,
1518 4370 1684 4456 bisyllaba

247 4496 376 4558 semper
407 4475 601 4537 exsisterent
631 4477 771 4551 nomina,
803 4475 892 4541 velut
922 4471 1048 4558 στατὴρ,
1078 4471 1225 4558 τριπτὴρ,
1257 4470 1372 4556 σωτὴρ,
1401 4471 1534 4557 μυκτὴρ,
1555 4469 1684 4558 κρατὴρ,

245 4573 373 4660 κλητὴρ,
396 4575 550 4660 κλωστὴρ,
572 4576 732 4662 πρηστὴρ,
755 4574 896 4661 πλωτὴρ,
920 4572 1028 4661 ἀλτὴρ,
1052 4569 1161 4660 ἀρτὴρ,
1188 4571 1344 4660 στρωτὴρ,
1362 4571 1475 4659 βατὴρ,
1499 4577 1574 4642 alia.

351 4812 372 4874 11
392 4812 528 4867 Conferas
548 4829 620 4884 quae
639 4812 721 4865 modo
741 4814 799 4866 dixi
818 4814 852 4864 de
871 4814 983 4867 nomine
1003 4813 1152 4888 ἀστίοταρ.
