3796 5518
854 415 1067 479 -44,

244 593 354 682 ὄνησις
382 602 480 666 etiam
511 600 640 686 legitur,
672 602 736 686 Ag.
766 603 840 682 362,
870 602 959 688 quod
989 623 1108 667 nomen
1139 602 1181 667 ad
1211 605 1303 668 certi·
1326 602 1496 669 cniusdam
1531 607 1688 690 temporis

246 704 387 769 formam
410 725 483 768 sese
506 702 674 790 applicare
699 715 845 789 apparet.
896 704 935 768 In
957 703 1195 790 posterioribus
1225 715 1351 771 tantum
1384 706 1504 771 fabulis
1534 706 1689 791 leguntur

245 805 315 870 duo
338 806 479 888 nomina,
504 827 588 890 quae
612 815 842 870 consonantem
867 813 942 870 ante
966 808 1226 872 terminationem
1251 808 1419 890 exhibent,
1435 801 1542 892 ἄρηξις
1557 811 1610 874 Pr.
1624 811 1689 875 564

250 917 282 970 et
305 900 413 980 ἄλυξις
435 907 500 992 Ag.
519 907 612 974 1298.
656 908 764 972 Maior
786 915 896 972 autem
920 916 968 973 est
989 931 1144 974 numerus
1167 919 1199 974 et
1221 912 1325 994 magis
1342 917 1470 975 varium
1486 911 1689 976 formationis

245 1031 347 1093 genus
365 1031 487 1092 eornm,
500 1033 584 1096 qnae
597 1011 685 1095 apud
700 1009 897 1094 Sophoclem
913 1021 1054 1078 exstant.
1088 1011 1287 1095 Praeterea,
1309 1034 1394 1099 quae
1417 1023 1539 1078 exeunt
1560 1016 1593 1078 in
1609 1030 1688 1092 ασις,

245 1128 328 1194 ησις,
353 1128 438 1189 ωσις,
461 1114 570 1177 inveni
595 1109 723 1181 δύνασις
746 1113 807 1177 An.
830 1113 903 1196 604,
927 1111 1037 1193 φεῦξις
1059 1114 1122 1180 An.
1147 1115 1220 1196 362,
1242 1109 1353 1198 ἄρηξις
1374 1115 1423 1180 El.
1440 1115 1512 1196 876,
1537 1113 1688 1202 denique,

246 1213 336 1299 quod
358 1217 489 1278 unicum
513 1215 633 1299 legitur
655 1217 688 1280 in
711 1215 882 1299 tragoedia
906 1215 1041 1279 ductum
1064 1239 1083 1279 a
1105 1217 1206 1302 stirpe
1229 1217 1370 1298 dentali,
1396 1210 1603 1300 αἀακοᾶφισις
1617 1216 1688 1284 OT.

247 1317 321 1381 218.
364 1316 558 1402 Euripidem
580 1318 612 1380 in
640 1319 755 1381 ceteris
784 1315 978 1380 adhibendis
1001 1317 1116 1382 eadem
1139 1319 1298 1383 varietate
1329 1340 1424 1384 usum
1456 1341 1526 1384 esse
1560 1322 1617 1384 vix
1640 1329 1690 1386 est

245 1419 336 1504 quod
360 1420 477 1485 dicam.
515 1417 711 1484 Comoediae
735 1427 845 1482 autem
867 1422 1038 1506 proprium
1058 1429 1128 1484 erat
1152 1443 1192 1484 ea
1214 1429 1341 1485 tantum
1364 1443 1525 1507 usurpare
1546 1425 1689 1505 nomina,

247 1543 388 1606 quorum
420 1535 493 1586 ante
523 1523 786 1586 terminationem
815 1521 938 1586 vocalis
969 1531 1026 1586 aut
1057 1522 1277 1607 diphthongus
1310 1533 1427 1605 exstat,
1458 1534 1689 1588 consonantem

253 1632 366 1687 contra
388 1624 576 1709 repudiare.
621 1624 674 1688 Ita
695 1623 988 1710 verbalelqnoque
1009 1622 1091 1688 illud
1116 1615 1303 1708 ἄπόηευξις,
1334 1625 1423 1711 quod
1446 1626 1537 1691 libris
1560 1649 1690 1714 semper

250 1725 520 1790 dissentientibus
544 1748 563 1791 a
584 1725 749 1790 nonnullis
774 1725 962 1792 defenditur
983 1726 1045 1790 Nu.
1071 1727 1143 1808 874,
1172 1726 1232 1792 Ve.
1257 1727 1330 1809 558,
1360 1729 1434 1811 562,
1455 1729 1542 1810 645,Ι
1559 1739 1690 1795 secutus

249 1828 453 1897 Lobeckium
463 1829 498 1910 ¹),
521 1829 577 1915 qni
599 1831 804 1915 comparavit
834 1819 1030 1908 ἄπόφακιος,
1061 1827 1210 1910 φύξιμος,
1241 1829 1314 1911 alia,
1335 1841 1464 1895 mutare
1486 1833 1519 1896 in
1535 1824 1691 1911 ἄπόφυξις

247 1953 313 1996 non
336 1930 460 1996 dubito.
514 1931 639 1996 Versus
669 1941 778 1996 autem
808 1931 869 1996 Th.
902 1932 972 2011 137,
1003 1930 1060 1995 ubi
1090 1930 1230 2014 legimus
1261 1927 1689 2016 argentoratensem

247 2057 267 2098 a
299 2034 502 2099 Mnesilocho
536 2033 605 2115 illo,
633 2044 670 2101 ut
700 2056 799 2119 saepe
827 2035 915 2115 alibi,
945 2036 1070 2119 tragice
1100 2034 1259 2099 formatus
1284 2043 1341 2116 est,
1373 2058 1447 2100 cum
1470 2037 1538 2100 eius
1560 2038 1690 2120 generis

248 2135 485 2201 vocabulorum
519 2136 592 2202 loco
628 2137 741 2202 comici
775 2147 894 2222 poetae
927 2144 1098 2202 uterentur
1126 2134 1266 2200 vocibus
1296 2133 1429 2219 ταραχή,
1461 2131 1576 2221 ἄρωγη,
1607 2138 1690 2204 aliis.

247 2238 372 2303 Eorum
402 2250 521 2318 autem,
553 2261 637 2324 quae
668 2249 743 2303 ante
774 2240 1033 2303 terminationem
1064 2254 1112 2308 σις
1133 2240 1283 2306 vocalem
1305 2239 1437 2322 habent,
1468 2243 1610 2305 maxime
1632 2240 1691 2305 illa

247 2363 266 2404 a
295 2343 407 2406 verbis
436 2343 468 2406 in
500 2339 578 2414 ιζειν
607 2341 707 2406 ducta
737 2363 897 2427 usurpare
927 2340 1077 2406 solebant
1099 2339 1210 2418 Attici,
1238 2339 1330 2405 velut
1352 2335 1501 2423 ἄφᾶνισις
1527 2342 1591 2408 Nu.
1617 2343 1689 2425 765,

242 2438 371 2524 βάδισις
401 2442 461 2510 Ve.
495 2445 588 2523 1171,
618 2447 788 2521 γυναίκισις
816 2443 877 2507 Th.
902 2443 975 2524 863,
1014 2434 1143 2512 ὅπλισις
1164 2442 1225 2509 Ra.
1251 2444 1344 2525 1036,
1375 2443 1450 2526 alia,
1472 2466 1489 2508 e
1513 2443 1633 2530 quibus
1657 2446 1690 2509 in

247 2547 447 2628 tragicorum
483 2545 604 2611 fabulis
641 2569 740 2610 unum
777 2557 903 2611 tautum
942 2545 1007 2630 legi
1041 2547 1106 2609 iam
1140 2544 1218 2626 dixi,
1257 2567 1331 2610 cum
1363 2545 1579 2629 Euripideum
1609 2545 1691 2612 illud

242 2642 395 2727 ἄθροισις
417 2646 500 2713 Hoc.
534 2648 599 2712 314
632 2650 717 2712 inter
751 2669 789 2712 ea
815 2670 987 2712 numerare
1015 2669 1079 2712 non
1106 2647 1215 2729 liceat,
1247 2648 1336 2733 quod
1369 2669 1387 2709 o
1418 2657 1449 2709 et
1472 2669 1484 2708 ι
1506 2647 1636 2713 litterae
1657 2651 1691 2712 in

250 2750 487 2836 diphthongum
524 2751 725 2816 coaluerunt.
786 2750 928 2816 Causam
967 2759 1086 2831 autem,
1134 2773 1199 2837 qua
1241 2750 1395 2814 commoti
1438 2752 1554 2832 tragici
1592 2750 1690 2838 plane

246 2854 429 2918 reiciebant
449 2852 529 2917 talia
550 2855 691 2927 nomina,
715 2874 786 2917 eam
809 2855 950 2917 maxime
967 2852 1062 2934 duco,
1089 2851 1177 2938 quod
1207 2862 1257 2917 tot
1289 2853 1362 2916 illas
1387 2852 1507 2916 breves
1534 2852 1690 2937 syllabas,

250 2978 268 3020 c
298 2954 417 3041 quibus
449 2977 561 3020 eorum
590 2957 757 3020 nominum
788 2957 947 3041 imprimis
979 2977 1073 3020 casus
1103 2955 1229 3040 obliqui
1253 2964 1412 3036 constant,
1436 2957 1503 3018 suis
1526 2957 1690 3037 trimetris,

245 3083 322 3126 cum
345 3071 453 3125 essent
473 3062 579 3125 minus
603 3059 707 3125 libere
729 3061 836 3142 soluti,
858 3063 1002 3125 inserere
1024 3082 1090 3125 non
1112 3067 1276 3144 poterant.

356 3163 384 3225 Ε
415 3164 600 3227 nominibus
629 3165 662 3226 in
687 3178 735 3231 σις
757 3161 857 3226 finitis
880 3162 1030 3227 derivata
1052 3176 1126 3226 sunt
1159 3184 1207 3241 ea,
1241 3181 1325 3248 quas
1350 3176 1403 3221 σια
1426 3160 1688 3224 terminationem

248 3263 414 3352 habent2).
466 3266 595 3331 Horum
629 3276 738 3328 autem
762 3265 900 3350 legimus
924 3264 1011 3352 apud
1035 3263 1238 3350 Aeschylum
1268 3259 1455 3343 χειρωναξία
1477 3262 1531 3326 Pr.
1554 3262 1609 3343 45,
1630 3259 1691 3328 Oh.

246 3369 308 3434 757
344 3377 377 3432 et
398 3360 588 3452 δημηλασία
618 3366 674 3433 Su.
706 3367 736 3433 6.
784 3366 858 3431 Non
886 3366 980 3431 aliter
1014 3376 1114 3453 atque
1144 3367 1317 3448 Homerus,
1349 3366 1405 3451 qui
1429 3361 1549 3446 εἰρεσίη
1569 3385 1593 3441 μ
1615 3363 1690 3443 225,

242 3469 400 3554 βοηλασίη
436 3472 476 3532 Λ
511 3472 575 3536 672
618 3471 748 3555 scripsit
792 3472 898 3534 forma
941 3471 1057 3552 ionica,
1104 3491 1142 3532 ea
1187 3478 1312 3533 tanturn
1356 3467 1538 3551 usurpabat
1581 3474 1690 3551 poeta,

244 3594 386 3658 quorum
429 3573 556 3637 formae
579 3563 772 3657 ¹correptae
820 3577 949 3642 omnino
993 3594 1058 3637 non
1097 3570 1280 3637 exstabant.
1346 3569 1447 3654 Apud
1493 3565 1692 3654 Sophoclem

246 3697 347 3739 unum
402 3676 514 3739 inveni
574 3678 773 3764 exemplum,
829 3674 950 3761 εἶρεσίη
995 3678 1048 3742 Ai.
1086 3679 1159 3743 249.
1227 3674 1381 3742 Omnium
1439 3695 1551 3740 eorum
1605 3693 1690 3757 quae

171 3815 174 3826 ·
244 3777 340 3842 attuli
373 3781 545 3864 proprium
579 3787 637 3860 est,
671 3780 760 3866 qnod
797 3790 872 3863 ante
894 3783 1155 3846 terminationem
1182 3796 1237 3842 σια
1270 3777 1395 3842 vocalis
1425 3786 1535 3841 exstat
1561 3773 1691 3855 brevis;

246 3879 422 3967 Euripides
458 3883 582 3966 primus
625 3881 687 3946 hac
731 3881 853 3966 regula
893 3906 942 3966 se·
972 3882 1134 3962 liberavit.
1202 3881 1257 3948 Fr.
1303 3882 1387 3944 enim
1432 3879 1516 3944 1100
1552 3876 1691 3960 legimus

246 3983 389 4066 glossam
435 4005 519 4068 quae
565 3994 615 4049 est
658 3974 876 4065 εᾶπαιδεασία,
912 4008 932 4050 a
968 3985 1104 4051 Polluce
1143 3986 1172 4067 9,
1213 3985 1271 4049 161
1314 3990 1488 4062 servatam,
1522 3980 1576 4046 Hi.
1608 3977 1691 4044 1039

239 4094 280 4148 »et
330 4085 389 4151 Ba.
444 4086 505 4150 641
564 4097 674 4150 exstat
733 4078 909 4169 εᾶσργησία.
988 4085 1242 4172 Neglegeudum
1295 4106 1361 4150 non
1405 4093 1455 4148 est
1497 4083 1580 4147 hacc
1624 4080 1690 4146 duo

246 4188 377 4251 nomina
411 4208 480 4252 esse
521 4189 702 4275 composita
739 4196 772 4253 et
806 4210 845 4253 ea
878 4188 1018 4275 quidem,
1053 4210 1192 4274 quorum
1224 4188 1330 4251 forma
1359 4186 1470 4251 brevis
1498 4187 1532 4249 in
1556 4198 1603 4252 σις
1625 4205 1691 4246 non

243 4289 377 4375 legitur,
408 4312 481 4353 curn
512 4299 625 4354 contra
652 4290 706 4355 Hi.
736 4291 798 4355 261
829 4293 1035 4356 inveniamus
1065 4286 1281 4374 ἐπιτήδευσις.
1326 4289 1419 4354 Haec
1442 4295 1551 4352 autem
1573 4287 1690 4370 gravia

241 4394 379 4457 nomina
401 4391 563 4475 verbalia,
593 4414 668 4457 cum
691 4392 880 4458 comoediae
905 4396 1033 4459 omnino
1057 4394 1176 4475 desint,
1195 4391 1285 4478 apud
1306 4391 1478 4455 Platonem
1502 4400 1535 4454 et
1558 4389 1689 4472 Thucy-

244 4494 357 4559 didem
386 4517 630 4581 nonnumquam
660 4497 881 4563 inveniuntur.
933 4495 1058 4562 Contra
1089 4517 1136 4578 ea,
1167 4515 1307 4580 quorum
1336 4490 1462 4558 vocalis
1492 4492 1606 4556 brevis
1629 4500 1689 4571 est,

263 4724 267 4730 ’
352 4731 373 4804 ¹)
391 4730 549 4802 Phrynichi
567 4749 595 4801 p.
615 4731 675 4789 726.

352 4822 374 4887 ²)
393 4817 436 4874 Cf.
456 4817 592 4872 Kuehner
609 4819 628 4876 l,
646 4817 665 4877 l.
682 4817 697 4871 I
715 4820 739 4887 2,
758 4819 818 4874 270.
