3796 5518
813 429 1021 492 ‚87-

196 619 320 684 dictum
336 627 396 702 est,
412 639 477 704 qua
493 615 632 701 legimus
645 609 729 684 Ζεὺς
744 613 869 689 ἱκέσιος,
885 613 1140 699 προστρόπαιος,
1163 609 1319 700 ὁμαίμων,
1341 619 1406 684 alia
1427 618 1541 686 multa.
1585 619 1637 684 In·

196 722 327 786 venitur
357 730 466 784 autem
497 719 548 784 vis
576 719 709 804 passiva
737 717 827 804 apud
857 717 1061 802 Euripidem,
1088 721 1144 804 qui
1166 719 1225 784 Ph.
1251 721 1312 786 163
1335 743 1405 807 sqq.
1436 721 1637 806 Antigonam

194 827 275 890 facit
297 825 535 889 exclamantem
558 819 633 886 οἴδα
653 819 779 902 δρόμον
801 820 932 904 νεφέλας
951 820 956 903 Ι
975 822 1072 885 ποσὶν
1093 817 1279 901 ἐξανύσαιμι
1302 814 1346 886 δι’
1367 820 1497 906 αἰθέρος
1523 819 1528 906 Ι
1554 816 1637 906 πρὸς

195 923 276 1007 ἐμὸν
300 921 521 1005 ὁμογενέτορα,
550 923 742 1009 Polynieem
772 923 942 1002 scilicet1).
996 921 1070 1004 Quo
1109 935 1217 991 autem
1251 925 1349 990 modo
1379 925 1440 992 hoc
1467 926 1637 1012 passivum

196 1029 374 1116 explanare
397 1038 532 1092 conatus
555 1029 625 1105 sim,
654 1027 749 1106 infra,
780 1049 852 1092 cum
876 1026 1060 1092 dissertatio
1084 1028 1127 1093 ad
1148 1031 1281 1093 nomina
1303 1030 1336 1093 in
1358 1048 1415 1114 της
1436 1027 1636 1114 pervenerit,

197 1133 313 1198 dicam.

307 1251 516 1339 significatus
546 1253 722 1332 nominum,
752 1273 837 1338 quae
864 1253 896 1317 in
927 1274 985 1337 τηρ
1017 1261 1148 1334 exeunt,
1176 1251 1262 1317 idem
1295 1260 1345 1317 est
1374 1252 1430 1336 qni
1451 1251 1582 1315 illorum
1604 1251 1638 1314 in

199 1379 264 1437 τωρ
275 1353 310 1433 ²).
354 1355 404 1420 Eo
436 1364 545 1419 tamen
571 1354 706 1436 recedit,
736 1355 824 1441 quod
847 1355 930 1420 haec
951 1357 1082 1420 numina
1104 1377 1203 1442 saepe
1226 1353 1266 1418 de
1288 1355 1423 1419 vasibus
1444 1351 1499 1418 vel
1521 1354 1638 1420 instru-

199 1459 316 1522 mentis
341 1470 373 1522 et
396 1457 438 1523 de
461 1459 608 1545 corporis
630 1457 796 1538 membris,
819 1480 904 1544 quae
923 1457 1053 1523 illorum
1070 1459 1142 1522 vice
1168 1459 1358 1541 funguntur,
1382 1457 1638 1543 usurpabantur,

198 1582 282 1646 quae
316 1563 388 1646 ipsa
421 1562 514 1647 quasi
548 1562 680 1646 agentia
709 1559 996 1643 intellegebantur,
1026 1559 1116 1624 velut
1147 1559 1235 1646 apud
1265 1560 1468 1644 Aeschylum
1498 1559 1638 1642 legimus

199 1657 333 1748 ῥαιστηρ
368 1663 422 1728 Pr.
452 1662 504 1744 56,
540 1662 689 1748 λαμπτὴρ
727 1663 789 1746 Ag.
820 1665 871 1744 22,
906 1661 1025 1746 κρατήρ
1060 1663 1125 1748 Ag.
1152 1664 1243 1743 1396,
1280 1655 1451 1746 ἀμπυκτηρ
1488 1661 1541 1726 Se.
1564 1660 1638 1741 448,

199 1767 288 1853 apud
317 1765 510 1848 Euripidem
541 1763 661 1848 μοκτηρ
692 1764 745 1828 Al.
769 1765 843 1846 493,
872 1761 977 1849 ποτηρ
1000 1765 1053 1832 Al.
1079 1765 1151 1847 tot,
1179 1768 1298 1850 κρατηρ
1321 1766 1368 1832 Ιο.
1396 1765 1485 1847 1051,
1510 1759 1638 1846 4ζωστήρ

200 1869 279 1936 Her.
311 1870 372 1933 217
405 1868 573 1954 multaque
604 1868 677 1934 alia.
722 1869 822 1955 Apud
846 1867 1043 1953 Sophoclem
1071 1868 1210 1953 legimus
1240 1891 1314 1933 eum
1338 1868 1491 1934 aliatum
1516 1864 1640 1934 πέπλος

198 1967 337 2053 ἕνδοτηρ
365 1971 420 2038 Tr.
450 1972 524 2050 674,
554 1969 642 2056 quod
672 1992 730 2034 cur
759 1971 927 2056 passivum
950 1970 1172 2054 intellegatur,
1200 1971 1292 2037 velut
1312 1966 1443 2038 ἐνδοτδς
1466 1970 1558 2050 (Eur.
1582 1967 1638 2034 Tr.

199 2073 287 2153 258),
310 2083 346 2134 ut
370 2081 401 2136 et
426 2073 481 2136 alii
504 2073 653 2136 fecerunt
676 2088 708 2137 et
724 2071 919 2155 Ellendtius,
943 2075 999 2160 qui
1021 2075 1122 2137 vertit
1146 2073 1253 2159 ,quod
1276 2071 1453 2155 induitur“,
1475 2095 1576 2137 eausa
1597 2096 1638 2137 ue

199 2177 332 2240 minima
354 2175 485 2261 quidem
511 2183 569 2239 est.
603 2177 712 2260 lpsum
737 2178 822 2240 enirn
845 2175 973 2238 πέπλον
996 2177 1147 2261 accipere
1165 2175 1321 2241 debemus
1337 2175 1526 2240 induentem
1541 2176 1639 2261 plane

200 2279 317 2343 eodem
339 2277 446 2358 modo,
470 2300 533 2364 quo
557 2277 705 2362 ζωστῆρα
727 2281 921 2361 cingentem,
944 2278 1019 2342 alia.
1054 2279 1179 2343 Eadem
1203 2291 1252 2342 est
1274 2300 1326 2342 res
1346 2279 1379 2341 in
1396 2277 1494 2363 Soph.
1509 2278 1549 2343 fr.
1565 2277 1639 2355 406,

199 2382 256 2445 ubi
275 2382 414 2465 legimus
425 2379 571 2448 πέπλους
582 2401 623 2460 Ιτε
635 2383 730 2462 νῆσοι
742 2380 909 2459 λινογενεῐς
923 2375 951 2443 τ’
963 2376 1148 2463 ἕπενδύτας,
1164 2380 1251 2467 quud
1266 2403 1383 2444 nomen
1399 2381 1516 2444 iterum
1529 2381 1639 2444 inveni

200 2484 287 2569 apud
317 2483 534 2548 Nicocharem
566 2485 727 2547 comicum
755 2484 794 2547 fr.
824 2484 845 2546 5
873 2488 952 2564 φέρε
973 2484 1032 2544 νῦν
1054 2488 1172 2559 ταχέως
1200 2482 1318 2559 χίτωνα
1339 2476 1427 2546 τόνδ’
1449 2477 1638 2566 ἐπενδύτην.

201 2585 275 2650 Hoc
291 2594 400 2650 autem
419 2585 618 2650 vocabulum
641 2585 726 2649 inter
748 2585 880 2670 passiva
903 2587 936 2650 in
958 2605 1015 2666 της
1034 2607 1208 2649 numerare
1231 2586 1418 2651 Lubeekius
1443 2583 1485 2649 ad
1507 2586 1560 2651 Ai.
1576 2585 1638 2650 241

202 2689 319 2753 iniuria
341 2688 419 2751 mihi
443 2688 583 2752 videtur.

308 2805 392 2872 Cum
423 2816 531 2871 autem
558 2809 676 2892 tragici
706 2811 857 2873 suffixum
887 2831 948 2892 τηρ
972 2809 1076 2874 cuivis
1100 2809 1193 2895 stirpi
1217 2810 1431 2894 adiungerent
1453 2809 1543 2874 nulla
1566 2810 1640 2896 lege

202 2908 345 2990 cohibiti,
377 2911 491 2974 cornici
520 2911 653 2974 nomina
682 2913 714 2974 in
744 2932 804 2995 τηρ
833 2913 895 2976 uisi
918 2934 978 2996 pro
1002 2913 1224 2976 instrumentis
1246 2913 1316 2976 fere
1339 2932 1403 2975 non
1426 2912 1639 2997 usurpabant,

202 3035 276 3077 curn
309 3035 358 3091 ea,
388 3034 473 3097 quae
503 3010 544 3077 de
574 3011 758 3077 hominihus
782 3014 867 3080 dieta
892 3014 1053 3099 leguntur,
1077 3037 1184 3101 pauca
1205 3025 1296 3078 certa
1318 3025 1351 3078 et
1373 3023 1487 3078 vetera
1509 3016 1640 3080 nomina

201 3117 274 3197 sint,
304 3124 361 3180 aut
392 3127 524 3200 sumpta
553 3138 570 3180 e
601 3137 749 3180 sermone
779 3115 925 3179 iudiciali
957 3125 989 3179 et
1012 3137 1105 3181 sacro
1128 3129 1186 3181 aut
1209 3126 1345 3180 externa
1367 3116 1421 3180 vel
1445 3119 1477 3179 in
1501 3118 1640 3182 canticis

202 3218 312 3284 locum
340 3218 505 3282 habentia.
549 3218 723 3282 Nominum
755 3236 866 3284 autem
895 3219 928 3282 in
958 3238 1018 3300 τηρ
1040 3219 1127 3304 apud
1150 3219 1404 3305 Aristophanem
1429 3228 1560 3304 praeter
1582 3217 1641 3284 illa

203 3319 243 3384 de
259 3321 479 3385 instrumentis
496 3319 594 3402 dieta,
610 3343 694 3406 quae
713 3343 813 3407 supra
828 3323 892 3384 iam
908 3343 939 3407 p.
956 3321 1007 3403 76,
1024 3343 1096 3386 cum
1114 3322 1365 3386 deformatione
1382 3343 1524 3403 agerem,
1536 3321 1641 3403 attuli,

203 3424 244 3487 de
259 3423 444 3487 hominibus
460 3434 619 3508 usurpata
634 3422 715 3487 haec
730 3433 857 3488 tantum
872 3426 1000 3488 inveni:
1016 3418 1131 3508 ἕλοτηρ
1146 3425 1207 3510 Εη.
1227 3425 1309 3490 1266
1323 3425 1356 3488 in
1373 3427 1512 3506 cantico,
1535 3419 1642 3507 σωτήρ

203 3525 264 3612 Eq.
296 3527 356 3591 149
385 3525 523 3610 aliisque
554 3525 633 3589 locis
663 3546 728 3589 non
757 3527 882 3611 paucis,
904 3525 1034 3611 πλωτηρ
1057 3527 1114 3591 Εο.
1142 3527 1233 3609 1087,
1261 3525 1388 3611 κλητηρ,
1412 3524 1501 3613 quod
1523 3529 1555 3591 in
1580 3525 1642 3592 Ve.

202 3627 316 3693 fabula
349 3629 400 3693 bis
434 3629 520 3709 (189,
555 3628 650 3708 1310)
687 3630 719 3692 in
753 3630 834 3693 asini
869 3629 1086 3714 significatum
1121 3630 1211 3695 abire
1249 3631 1342 3694 iussit
1376 3631 1498 3694 comice
1532 3637 1643 3716 poeta.

203 3730 333 3796 Horum
380 3741 487 3796 autem
541 3731 707 3795 nominum
744 3729 860 3816 κλητήρ
905 3751 1070 3817 sumptum
1116 3743 1165 3796 est
1199 3755 1215 3796 e
1249 3754 1398 3796 sermone
1432 3733 1576 3797 iudiciali
1609 3746 1642 3798 et

203 3834 371 3918 antiquum
413 3855 483 3896 esse
532 3832 680 3918 videtur;
725 3834 829 3919 σωτήρ
869 3856 933 3900 nou
974 3857 1050 3899 raro
1094 3858 1166 3900 cum
1212 3838 1340 3900 nomine
1374 3833 1455 3905 Διός
1488 3837 1642 3920 coniungi

205 3934 299 4016 solet,
333 3934 425 3999 velut
460 3934 520 4000 Ra.
560 3936 623 4001 738
655 3930 695 4020 νὴ
723 3932 782 3999 τδν
810 3940 876 4000 Δία
903 3932 962 3999 τὸν
985 3938 1122 4022 σωτῆρα,
1145 3938 1206 4004 Th.
1231 3939 1325 4020 1009,
1348 3937 1400 4018 al.,
1423 3939 1470 4002 ita
1491 3946 1527 4001 ut
1550 3939 1644 4023 origo

205 4038 274 4100 eius
304 4059 388 4122 quae
418 4037 460 4100 sit
489 4048 666 4125 appareat3
695 4039 825 4125 πλωτήρ
856 4040 997 4127 denique
1026 4042 1168 4106 ionicum
1192 4064 1263 4107 esse
1286 4044 1359 4127 ipsa
1380 4042 1487 4105 forma
1509 4039 1641 4106 demon·

206 4149 337 4216 stratur,
352 4161 460 4225 neque
477 4139 619 4205 dubitari
634 4151 752 4228 potest,
769 4143 846 4229 quin
863 4144 896 4208 id
910 4166 1026 4208 nomen
1044 4165 1062 4207 e
1077 4145 1191 4231 primis
1206 4143 1423 4228 navigationis
1438 4142 1645 4228 temporibus

204 4254 368 4307 servatum
392 4246 442 4308 sit.

436 4399 512 4406 ⁹—-

309 4493 332 4566 ¹)
349 4493 468 4548 Paasiva
486 4495 614 4565 intellegi
633 4513 689 4549 non
709 4495 801 4565 debet,
820 4495 896 4566 quod
914 4495 1034 4566 legimus
1050 4495 1091 4550 lo.
1103 4497 1154 4551 477
1167 4514 1228 4568 sqq.
1246 4491 1364 4563 νεάνιδος
1382 4488 1456 4567 ἧβαι,
1475 4493 1643 4574 διαδέκτορα

205 4582 332 4636 πλοῦτον
352 4581 389 4646 cte
414 4579 521 4652 ἕξοντος
540 4582 566 4636 ἐκ
586 4588 712 4660 πατέρων
730 4583 830 4660 ἑτέροις
849 4583 890 4636 ἐπὶ
908 4587 1018 4648 τέκνοις.
1054 4583 1322 4638 Hermannusrecte
1341 4584 1501 4641 annotavit:
1522 4583 1644 4652 „Trans-

205 4670 295 4722 latum
324 4674 367 4723 est
397 4668 433 4721 ad
465 4669 589 4739 divitias,
617 4669 693 4740 quod
716 4668 751 4723 de
776 4686 871 4723 earum
894 4670 1104 4739 possessoribus
1130 4670 1278 4724 dicendum
1303 4677 1371 4724 erat.
1408 4670 1483 4742 Opes
1501 4669 1644 4741 intellegit

205 4754 292 4808 alium
311 4761 397 4826 atque
416 4757 502 4810 alium
521 4754 655 4825 deinceps
673 4755 820 4811 habituras
839 4756 1007 4810 dominum.“

310 4841 331 4914 9)
350 4841 393 4898 Of.
412 4843 577 4914 Brugmann
596 4841 720 4896 Grundr.
741 4841 891 4911 111‚353.
