3796 5518
831 419 1085 512 -31-.

214 609 412 693 scriptorum
437 629 507 672 esse
532 606 658 687 dicitur,
680 617 715 671 ut
738 606 915 671 Passovius
939 616 971 670 et
988 605 1185 692 Georgesius
1208 630 1232 672 s.
1257 628 1289 670 r.
1312 607 1408 673 liberi
1430 610 1557 692 docent,
1578 633 1653 676 cum

215 710 403 795 Stephanus
433 720 552 791 taceat,
580 711 694 780 παῖδες
727 710 852 775 scilicet
882 710 923 774 de
953 732 1018 774 uno
1042 711 1118 791 dici,
1147 712 1240 774 cuius
1269 718 1377 776 tamen
1400 736 1477 778 usus
1500 714 1653 801 exempla

213 833 277 876 uon
307 813 427 879 inveni.
473 813 692 898 Responderit
726 823 835 878 autem
865 813 928 879 hoo
957 813 1074 882 παῖδες
1107 812 1149 878 ad
1172 812 1329 878 sollemne
1352 814 1435 878 illud
1455 811 1589 878 παιδικά
1611 818 1652 881 de

213 935 278 978 uno
303 913 441 996 dictum,
464 913 553 1001 quod
568 917 676 1000 ipsum
693 919 877 1003 comparari
892 925 1002 1001 potest
1017 925 1153 1001 propter
1168 938 1273 998 genus
1288 926 1439 981 neutrum
1454 921 1487 982 in
1503 941 1651 984 sermone

211 1018 376 1082 cotidiano
401 1016 479 1081 alibi
502 1040 566 1080 non
589 1020 744 1082 usitatum
768 1041 842 1082 oum
864 1019 1051 1085 nominibus
1073 1023 1186 1081 τέκνον
1209 1029 1242 1082 et
1257 1024 1332 1088 παῖς
1348 1020 1388 1084 de
1404 1021 1530 1100 virgine
1547 1020 1651 1103 dictis,

212 1140 278 1203 quo
303 1120 344 1183 de
367 1141 428 1182 usu
451 1141 551 1203 supra
573 1121 677 1184 verba
699 1121 762 1184 leci
775 1121 810 1198 ¹).

320 1221 387 1286 Sed
419 1230 456 1285 ut
488 1222 530 1286 ad
565 1225 708 1306 tragicos
744 1235 958 1304 revertamur,
997 1222 1177 1308 Sophocles
1222 1223 1386 1308 pluralem
1431 1225 1548 1292 παῖδες
1591 1247 1652 1310 pro

215 1324 375 1408 singulari
397 1346 573 1410 usurpasse
603 1347 666 1389 non
696 1325 837 1392 videtur.
883 1326 934 1391 El.
960 1325 1059 1406 54415
1089 1327 1183 1404 enim,
1212 1326 1270 1388 ubi
1299 1326 1436 1404 legimus
1459 1318 1479 1408 ἢ
1499 1328 1542 1410 τῷ
1565 1349 1654 1390 παν-

209 1422 288 1488 ώλει
316 1427 415 1504 πατρὶ
441 1427 506 1488 τῶν
533 1425 593 1505 μὲν
622 1423 655 1502 ἕξ
677 1423 755 1506 ἐμοῦ
778 1429 906 1491 παίδων
927 1424 1035 1497 πόθος
1059 1434 1206 1510 παρεῖτο,
1236 1428 1387 1491 Μενέλεω
1410 1422 1439 1489 δ’
1461 1425 1550 1510 avim
1575 1451 1652 1514 quo-

212 1532 317 1593 minus
339 1551 454 1594 verum
478 1529 641 1614 pluralem
664 1532 891 1615 intellegamus
915 1530 993 1594 nihil
1011 1531 1136 1610 obstat;
1162 1528 1434 1595 000101111οι11
1460 1538 1653 1614 γρησμοῐσιν

214 1623 330 1693 ἱκνεῖ3’
369 1622 453 1694 ὥστε
485 1627 570 1712 πρὸς
603 1633 729 1695 παίδων
765 1636 880 1696 θανεῖν
916 1642 952 1697 ut
992 1632 1115 1697 oraculi
1159 1634 1264 1696 verba
1296 1633 1446 1697 consulto
1483 1655 1547 1697 non
1584 1644 1652 1698 tam

212 1733 358 1798 dilucide
405 1733 493 1798 dicta
539 1746 623 1816 sunt,
669 1758 767 1821 quam
811 1735 947 1800 eandem
986 1735 1218 1800 obscuritatem
1256 1736 1438 1800 invenimus
1475 1733 1545 1800 OT.
1582 1738 1654 1812 107,

212 1837 286 1912 308,
311 1838 403 1903 1176.

327 1938 533 2023 Singularcm
565 1949 674 2005 autem
704 1941 812 2028 plane,
847 1945 912 2028 qui,
951 1943 1012 2006 nisi
1045 1942 1196 2026 analogia
1226 1942 1349 2004 factum
1379 1963 1449 2004 esse
1479 1940 1653 2023 intellegis,

212 2042 386 2126 explicari·
406 2066 470 2108 non
504 2056 622 2129 potest,
655 2045 786 2130 scripsit
815 2043 989 2130 Euripides
1018 2043 1179 2129 pluralem
1212 2045 1350 2123 γαμβροί
1376 2041 1438 2105 An.
1469 2043 1532 2108 359
1561 2042 1653 2126 δίκην

212 2138 373 2224 δφέξομεν
419 2139 455 2207 ἐν
490 2151 577 2208 σοῖσι
613 2148 766 2225 γαμβροῖς
803 2154 835 2210 et
871 2147 994 2210 ibidem
1034 2145 1130 2226 73819
1161 2137 1274 2224 πορών
1302 2142 1339 2206 δὲ
1367 2139 1451 2221 πρὸς
1480 2140 1651 2222 παρόντας

130 2305 132 2309 ,
212 2239 359 2327 ἐμφανῶς
391 2243 552 2330 γαμβροὺς
577 2247 696 2320 διδάξω
718 2248 770 2308 καὶ
792 2243 958 2327 διδάξομαι
981 2243 1100 2326 λόγους,
1152 2247 1249 2311 Hunc
1272 2256 1381 2310 autem
1404 2269 1497 2311 usum
1521 2258 1653 2311 secutus

213 2371 283 2413 csse
306 2347 437 2413 videtur
453 2349 642 2435 Sophocles,
666 2373 739 2415 cum
763 2351 802 2417 fr.
826 2352 889 2416 284
905 2350 1038 2414 Ulixem
1057 2349 1319 2434 Clytaemestrae
1342 2349 1504 2413 dicentem
1527 2349 1652 2413 faceret

198 2443 251 2513 ’σύ
273 2442 302 2512 δ’
325 2440 349 2512 ὦ
372 2456 530 2531 μεγίστων
553 2453 750 2532 τυγχάνουσα
771 2455 953 2534 πενθερῶν,
975 2452 1113 2518 Achillis
1137 2453 1271 2518 scilicet.

318 2555 436 2620 Adhuc
460 2556 625 2640 descripto
639 2547 709 2619 usu
732 2557 933 2640 tragicorum
956 2557 1020 2619 iam
1043 2566 1156 2634 restat,
1179 2563 1216 2617 ut
1239 2553 1279 2617 de
1299 2553 1519 2641 Aristophane
1542 2553 1649 2618 dicam

213 2679 261 2738 ea,
292 2679 375 2742 quae
405 2658 467 2720 huc
495 2660 670 2742 pertinent.
715 2657 762 2722 Ut
785 2680 896 2722 omnes
919 2659 1042 2722 formas
1068 2658 1274 2721 indistinctas
1299 2678 1406 2741 nequo
1431 2659 1507 2720 satis
1530 2655 1649 2738 finitas,

211 2761 258 2823 ita
289 2759 376 2824 huno
406 2782 537 2846 quoque
567 2761 727 2845 pluralem
757 2784 777 2824 a
805 2769 924 2824 natura
954 2761 1111 2824 sermonis
1135 2760 1250 2823 comici
1274 2758 1415 2823 alienum
1440 2781 1509 2822 csse
1531 2781 1591 2844 per
1614 2781 1648 2822 se

212 2872 362 2949 apparet.
422 2862 473 2927 Ne
510 2886 610 2928 unum
648 2863 779 2949 quidem
818 2873 926 2928 exstat
964 2862 1150 2947 exemplum
1187 2863 1362 2942 nominum,
1401 2884 1485 2947 quae
1517 2860 1649 2946 quidem

211 2974 399 3030 tractamus.
444 2965 484 3028 Id
508 2987 638 3051 quoque
663 2966 755 3030 deest
777 2967 845 3029 fere
868 2967 1007 3048 omnino,
1031 2966 1120 3051 quod
1144 2963 1262 3049 aliquis
1283 2965 1353 3048 ipse
1370 2963 1410 3027 de
1426 2987 1461 3028 se
1476 2962 1649 3048 pluraliter

210 3066 365 3153 loquitur.
407 3067 501 3148 Quae
538 3071 623 3132 enim
657 3067 811 3152 leguntur
845 3068 905 3153 Eq.
940 3069 1032 3150 1244,
1065 3067 1128 3132 Nu.
1163 3067 1256 3144 1103,
1289 3065 1350 3133 Th.
1380 3065 1452 3145 878,
1486 3065 1545 3130 Ra.
1574 3067 1649 3145 213,

210 3170 267 3236 Ec.
297 3172 371 3251 915,
404 3182 461 3235 aut
497 3194 540 3234 ex
573 3171 688 3234 alienis
719 3171 871 3236 versibus
901 3181 1029 3255 sumpta
1060 3181 1115 3233 aut
1145 3188 1257 3233 eorum
1291 3166 1501 3231 similitudine
1531 3167 1649 3231 effecta

211 3284 294 3336 sunt.
320 3271 441 3336 Versus
458 3283 568 3338 autem
583 3273 640 3338 Εο.
657 3273 720 3338 864
743 3275 900 3360 explicari
922 3283 1031 3360 potest
1046 3295 1145 3336 versu
1161 3272 1241 3352 8623
1263 3268 1313 3333 Pl.
1335 3269 1399 3332 344
1414 3258 1438 3329 ὦ
1453 3265 1648 3352 Βλεψίδημ’,

210 3368 342 3453 ἄμεινον
365 3366 385 3458 ἢ
405 3373 483 3452 χθὲς
503 3372 687 3457 πράττομεν
715 3376 906 3459 intellegere
938 3376 1095 3441 debemus
1126 3371 1337 3456 Chremylum
1363 3394 1428 3436 non
1458 3384 1523 3435 tam
1548 3373 1589 3436 de
1614 3395 1648 3435 se

211 3499 309 3562 quam
334 3477 374 3542 de
398 3488 467 3543 tota
494 3478 617 3542 familia
647 3501 707 3543 sua
736 3479 843 3563 loqui3
872 3479 1024 3542 versibus
1054 3477 1104 3544 Pl.
1127 3478 1191 3541 960
1214 3470 1271 3536 ἐπὶ
1291 3468 1350 3554 τὴν
1373 3472 1474 3535 οἰκίαν
1495 3456 1646 3555 ἀφίγμεθ’

212 3574 312 3647 ὄντως
346 3578 403 3641 τοῦ
438 3584 513 3642 νέου
545 3572 661 3642 τούτου
696 3583 778 3642 ίδεοῦ
809 3592 842 3644 et
875 3581 944 3645 999·
972 3576 1078 3664 ἄμητα
1109 3585 1397 3660 προσαπέπεμψεν
1424 3572 1500 3661 ἡμῖν
1521 3581 1652 3640 τουτονί

212 3681 453 3747 demonstratur
485 3707 581 3750 anum
611 3685 701 3748 illam
724 3707 853 3749 servam
883 3685 937 3748 vel
967 3706 1080 3748 servas
1104 3704 1215 3748 secum
1240 3680 1425 3746 adduxisse.
1470 3681 1516 3744 Hi
1539 3690 1648 3745 tamen

210 3793 277 3849 tras
311 3786 376 3850 loci
410 3788 456 3850 ita
494 3788 592 3851 etiam
626 3789 733 3872 accipi
776 3797 923 3873 possunt,
964 3797 1000 3850 ut
1031 3787 1064 3850 in
1097 3785 1185 3850 Pluti
1218 3784 1332 3848 tabula
1368 3786 1472 3868 prima
1510 3785 1649 3867 vestigia

212 3891 364 3972 cognosci
388 3889 535 3953 dicamus
559 3892 716 3954 sermonis
739 3889 922 3976 Euripidei,
946 3912 1042 3975 quem
1065 3891 1098 3953 in
1113 3889 1209 3953 Nova
1225 3885 1472 3972 praevalentem
1487 3885 1647 3951 videmus.

211 3989 248 4054 In
273 3991 389 4054 eadem
413 3993 498 4055 enim
520 3991 568 4056 Pl.
592 3991 705 4056 fabula
727 3989 757 4054 οἱ
779 3991 866 4072 φίλοι
882 3993 923 4056 de
938 4015 1003 4056 uno
1018 3992 1148 4057 homine
1165 3991 1308 4071 dictum,
1321 3986 1410 4074 quod
1425 3990 1458 4052 in
1472 3987 1649 4073 tragoedia

211 4091 310 4176 plane
339 4092 495 4157 sollemne
527 4102 584 4173 est,
614 4094 655 4159 cf.
681 4093 737 4160 Or.
762 4096 814 4174 97,
841 4095 939 4180 Soph.
963 4095 1015 4158 El.
1038 4095 1110 4175 346,
1140 4094 1203 4158 An.
1228 4092 1279 4173 10,
1301 4093 1333 4155 in
1357 4089 1526 4155 comoedia
1548 4111 1648 4153 unum

211 4193 347 4276 egimus,
384 4195 447 4260 398
484 4187 540 4257 εἶτ’
573 4188 610 4258 οὗ
641 4195 834 4276 διαπέμπεις
874 4198 926 4259 καὶ
964 4193 1050 4277 πρὸς
1079 4191 1161 4280 ἡμᾶς
1189 4188 1263 4263 τοὺς
1296 4192 1414 4273 φίλους.
1471 4190 1649 4276 Tragicum

210 4306 320 4360 autem
342 4295 425 4360 illud
446 4293 485 4358 τὰ
506 4295 648 4378 peltata,
672 4296 712 4362 de
743 4300 872 4363 homine
903 4301 1026 4365 dictum
1056 4299 1117 4363 Eu.
1143 4300 1213 4380 100,
1244 4295 1314 4361 OT.
1340 4296 1433 4376 1474,
1461 4292 1530 4360 00.
1556 4295 1648 4375 1110,

209 4396 288 4463 Eur.
308 4397 367 4464 Ph.
388 4399 463 4480 434,
485 4398 536 4482 al.,
559 4400 747 4465 comoediae
770 4405 899 4468 omnino
922 4403 1024 4485 deest,
1047 4412 1084 4465 ut
1106 4400 1269 4465 neutralia
1289 4400 1422 4463 nomina
1445 4399 1562 4463 omnia.

317 4500 485 4566 Pluralem
518 4525 578 4590 pro
612 4503 770 4588 singulari
803 4507 835 4570 in
866 4507 1035 4571 comoedia
1063 4505 1203 4569 inveniri
1231 4505 1362 4588 negavi.
1416 4502 1511 4567 Unus
1538 4509 1648 4564 autom

208 4609 319 4666 exstat
354 4603 455 4688 locus,
490 4607 546 4691 qui
582 4606 657 4670 huic
694 4608 828 4690 regulae
862 4630 1047 4694 repugnare
1080 4615 1200 4695 potest.
1250 4606 1378 4693 Nempe
1407 4606 1466 4670 Εο.
1496 4607 1539 4670 30
1568 4603 1648 4667 dicit

316 4753 337 4826 ¹)
362 4754 553 4812 Conferantur
578 4759 671 4812 neutri
694 4759 806 4829 generis
831 4760 984 4813 amicarum
1009 4759 1131 4828 nomina,
1157 4775 1230 4830 quae
1255 4759 1389 4829 leguntur
1416 4755 1492 4828 apud
1525 4755 1648 4809 comicos

206 4841 388 4910 posteriores.
