3796 5518
815 405 1023 468 -pn-

199 591 296 656 domo
334 591 420 672 regis
455 588 653 669 acciderant,
676 599 708 652 et
741 591 847 674 ipsum
877 591 1029 674 ignorare
1065 613 1173 676 neque
1203 614 1223 655 a
1252 590 1407 677 Strophio
1440 595 1645 677 comperisse

199 675 336 775 simulet,
372 690 413 758 ef.
449 693 547 756 etiam
578 711 710 755 versum
739 690 811 784 686.
856 691 998 756 Pluralis
1028 703 1139 757 autem
1162 691 1381 778 significatum
1405 693 1555 759 omnibus
1575 695 1655 761 illis

200 796 282 862 loeis
305 815 387 880 quos
419 793 513 858 attuli
545 793 683 857 eundern
716 815 785 858 esse
817 816 856 859 ac
883 795 1056 880 singularis
1079 797 1201 882 optime
1226 796 1468 882 demonstratur
1489 797 1642 863 versibus

199 897 276 962 Hel.
296 897 405 978 941j3,
429 899 484 981 qui
500 907 573 961 sunt
590 894 687 958 παισὶ
700 890 758 976 γὰρ
780 895 870 966 κλέος
892 895 972 960 τόδε
993 895 1163 960 κάλλιστον
1186 891 1272 968 ὅστις
1294 893 1329 960 ἐκ
1351 893 1477 982 πατρὸς
1498 901 1638 984 χρηστοῦ

199 989 291 1078 γεγώς
320 993 351 1068 ἐς
381 993 499 1061 ταύτὸν
529 986 613 1082 ἦλθε
633 998 707 1067 τοῖς
738 997 865 1061 τεκοῦσι
892 995 966 1069 τοὺς
988 996 1141 1082 τρόπους,
1171 999 1228 1064 ubi
1251 1000 1336 1066 alter
1358 1024 1512 1084 uumerus
1534 1004 1641 1068 altero

201 1103 360 1187 recipitur
383 1123 489 1186 aequo
511 1100 611 1186 plane
634 1122 741 1168 sensu.

310 1202 508 1268 Pronomina
531 1226 663 1292 quoque
686 1205 729 1270 ad
751 1218 905 1290 parentes
928 1207 1126 1290 pertinentia
1141 1205 1312 1290 pluraliter
1327 1216 1536 1292 usurpantur.
1551 1207 1644 1272 velut

203 1306 245 1370 de
267 1318 361 1392 patre
397 1304 520 1369 dictum
548 1306 688 1392 legimus
712 1306 781 1374 OC.
806 1309 866 1374 647
897 1305 1031 1390 καὶγὰρ
1055 1302 1104 1387 ἄν,
1127 1303 1183 1378 οὓς
1204 1303 1368 1390 ἐφόνενσ,
1392 1300 1441 1388 ἔμ’
1463 1304 1644 1390 ἀπώλεσαν,

200 1408 274 1490 976,
297 1409 343 1474 Ιο.
367 1407 440 1488 560,
467 1409 557 1490 1661,
580 1408 634 1474 Hi.
661 1411 751 1492 1062,
776 1411 817 1476 de
841 1424 944 1475 matre
969 1407 1037 1476 OT.
1062 1411 1135 1492 414,
1160 1410 1243 1475 1184
1262 1411 1399 1496 aliisque
1420 1410 1527 1476 locis'

308 1509 350 1574 Et
381 1512 419 1574 in
442 1511 492 1574 his
515 1523 548 1574 et
570 1512 603 1574 in
625 1512 690 1577 illis
714 1535 798 1599 quae
821 1535 921 1598 supra
945 1512 1041 1577 attuli
1065 1512 1225 1599 exemplis
1247 1535 1312 1576 non
1336 1515 1458 1597 fugerit
1479 1513 1649 1598 legentem¹

205 1631 266 1698 pro
297 1635 417 1695 genere
448 1614 602 1679 feminino
632 1614 795 1702 pluralem
819 1617 1033 1680 masculinum
1058 1636 1188 1700 semper
1212 1617 1352 1700 positum
1375 1639 1457 1680 esse.
1501 1615 1645 1680 Pluralis

208 1727 319 1778 autem
341 1715 486 1780 feminini
508 1719 638 1800 generis
660 1716 769 1781 locum
792 1717 929 1804 pluralis
952 1718 1149 1782 masculinus
1169 1715 1315 1781 obtinere
1330 1739 1509 1804 numquam
1524 1726 1648 1800 potest,

203 1818 292 1902 quod
329 1839 394 1884 non
431 1831 521 1882 reete
560 1819 671 1884 docuit
709 1818 866 1884 Kuehner
878 1819 911 1899 ¹),
950 1822 1005 1905 qui
1044 1842 1175 1885 versum
1212 1819 1291 1886 Eur.
1321 1820 1384 1887 An.
1417 1822 1488 1900 712,
1517 1819 1574 1884 ubi
1603 1821 1645 1884 de

206 1919 388 1984 Hermiona
418 1921 540 1986 dietum
564 1931 623 2003 est,
646 1911 666 2005 ἢ
687 1914 820 2002 στερρὸς
849 1906 929 1985 οὖσα
948 1917 1072 2002 μόσχος
1094 1913 1149 1983 οὐκ
1173 1916 1317 1995 ἀνέξεται
1348 1926 1511 1994 τίκτοντος
1532 1917 1647 1992 ἄλλους

209 2023 255 2086 sic
278 2022 449 2104 intellexit,
472 2035 509 2087 ut
538 2022 663 2089 diceret
696 2048 809 2108 ,werin
842 2023 899 2088 der
921 2024 1044 2108 begriff
1063 2025 1122 2088 der
1144 2023 1421 2111 persoenliehkeit
1440 2025 1647 2111 ueberhaupt

209 2124 450 2209 ausgedrueelrt
472 2127 605 2191 werden
630 2127 699 2210 soll,
730 2149 765 2192 so
790 2126 879 2191 kann
901 2131 933 2191 in
956 2126 1140 2209 beziehung
1163 2127 1224 2190 auf
1241 2127 1335 2190 einen
1357 2126 1550 2192 weiblicheu
1573 2149 1646 2213 per·

207 2249 425 2292 soueuuamen
440 2228 492 2294 die
504 2229 749 2294 maseulinform
766 2229 815 2294 als
835 2230 1085 2314 allgemeinerer
1101 2228 1265 2293 ausdruck
1283 2228 1466 2312 gebraueht
1480 2225 1643 2294 werdeu.“

208 2328 316 2410 Quam
339 2353 399 2413 ego
423 2332 529 2396 habeo
552 2331 646 2396 huius
670 2355 785 2397 versus
808 2331 1060 2417 explicationem
1083 2331 1167 2394 infra
1191 2332 1288 2396 dab0.
1326 2331 1377 2396 Ne
1394 2331 1497 2396 altero
1514 2331 1647 2416 quidem

208 2433 372 2518 example,
401 2456 466 2519 quo
496 2433 580 2499 hanc
602 2435 797 2499 sententiam
820 2456 911 2500 suam
934 2433 1027 2498 fulcit
1050 2433 1105 2497 ille
1128 2435 1180 2496 vir
1202 2433 1327 2514 doetus,
1359 2435 1446 2498 Xeu.
1470 2432 1594 2498 Comm.
1617 2434 1651 2516 2,

210 2535 239 2610 7,
260 2536 292 2619 2,
329 2538 504 2623 quiequam
538 2537 710 2622 probatur,
745 2559 818 2602 cum
853 2558 890 2601 σο
924 2534 997 2600 Ιοοο
1027 2535 1067 2600 de
1096 2537 1168 2600 viro
1201 2545 1232 2598 et
1261 2535 1453 2601 mulieribus
1475 2538 1649 2600 coniuncte

212 2636 334 2703 dietum
369 2641 419 2703 sit.
474 2640 694 2705 Masculinum
728 2637 889 2727 pluralem
923 2660 983 2725 pro
1018 2637 1174 2721 singulari
1203 2639 1359 2703 feminino
1389 2639 1457 2721 legi
1484 2659 1549 2702 uon
1572 2658 1649 2702 raro

211 2763 310 2826 supra
353 2742 514 2825 vidimus3
559 2743 732 2807 femininus
770 2753 878 2806 autem
912 2740 1050 2827 pluralis
1083 2761 1144 2826 pro
1183 2763 1221 2804 σο
1256 2763 1416 2826 nusquam
1452 2749 1569 2820 exstat,
1607 2761 1648 2803 ne

211 2843 447 2909 adieetivorum
464 2845 609 2931 quidem,
631 2846 726 2910 verbi
744 2845 933 2924 formarum,
956 2843 1106 2922 aliorum,
1129 2865 1214 2928 quae
1237 2865 1366 2930 semper
1387 2865 1508 2928 genere
1524 2863 1649 2906 mascu-

208 2946 277 3010 lino
301 2949 536 3032 exprimuntur,
559 2949 652 3013 velut
675 2948 794 3012 Aesch.
818 2946 876 3012 Su.
900 2948 963 3010 210
985 2946 1065 3011 dieit
1088 2968 1138 3023 ea,
1162 2968 1247 3031 quae
1270 2945 1404 3010 chorum
1421 2944 1520 3024 ducit,
1536 2938 1657 3024 πάτερ,

212 3046 418 3130 φρονούντως
439 3046 522 3131 πρὸς
536 3052 735 3135 φρονοῦντας
754 3047 905 3133 ἐννέπεις,
928 3051 992 3135 Ag.
1011 3050 1103 3132 1660,
1127 3048 1227 3134 Soph.
1244 3050 1295 3116 El.
1311 3049 1385 3130 399,
1406 3050 1480 3122 499,
1495 3049 1559 3112 Me.
1576 3047 1649 3126 696,

211 3151 265 3218 ΑΙ.
289 3153 363 3234 383,
397 3153 451 3217 Hi.
474 3154 546 3234 613,
581 3156 642 3220 Αο.
667 3156 739 3235 712,
771 3154 845 3233 894,
878 3152 1016 3238 aliisque
1047 3151 1133 3217 loeis·
1157 3174 1221 3216 non
1251 3153 1374 3237 paneis.
1419 3150 1522 3215 Reate
1552 3150 1652 3234 igitur

212 3255 425 3320 masculinam
466 3256 605 3322 formam
650 3257 869 3322 restituebant
906 3254 1055 3320 nonnulli
1089 3277 1188 3318 versu
1225 3253 1290 3320 Me.
1320 3254 1383 3320 385
1412 3246 1565 3336 κράτιστα
1593 3245 1651 3334 τὴν

212 3351 351 3436 addatur,
372 3342 393 3442 ᾗ
415 3357 604 3439 πεφύκαμεν
620 3361 718 3442 σοφαὶ
738 3355 882 3441 μάλιστα,
906 3353 1083 3439 φαρμάκοις
1104 3351 1219 3425 αὐτοὺς
1241 3355 1327 3420 ἑλεῖν
1349 3355 1522 3421 scribendo
1546 3354 1651 3436 σοφοί.

213 3458 270 3524 ubi
292 3460 408 3526 melius
423 3485 488 3527 una
502 3462 621 3527 Medea
636 3463 834 3548 intellegitur
857 3483 956 3547 quam
968 3459 1121 3526 mulieres
1143 3461 1327 3542 universae,
1345 3481 1417 3524 eum
1443 3457 1531 3544 quod
1547 3459 1653 3540 agitur

214 3572 283 3627 toto
322 3586 360 3628 eo
393 3563 466 3629 loco
501 3564 541 3628 de
563 3589 629 3630 una
652 3566 781 3647 Medea,
805 3575 874 3629 tum
898 3562 987 3649 quod
1021 3564 1089 3626 eius
1121 3562 1280 3648 imprimis
1314 3571 1374 3644 est,
1411 3584 1475 3626 nou
1510 3561 1653 3626 omnium

215 3665 399 3747 mulierum,
421 3663 601 3749 φαρμάκοις
623 3661 736 3738 αὐτοὺς
758 3665 851 3749 ἑλεῖν,
881 3668 920 3734 ef.
945 3688 1075 3730 versum
1099 3664 1214 3747 303²);
1246 3665 1362 3730 eadem
1386 3665 1426 3728 de
1450 3685 1549 3728 causa
1570 3683 1654 3725 mas·

214 3766 356 3833 culinam
378 3769 517 3836 formam
538 3771 647 3854 probo
671 3771 750 3836 Eur.
774 3770 830 3836 Tr.
856 3769 948 3850 1280,
972 3769 1031 3835 Ph.
1056 3769 1149 3833 1716.

320 3872 396 3938 Jam
428 3885 536 3939 autem
569 3877 748 3961 quaeritur,
778 3896 842 3960 quo
873 3872 969 3944 modo
985 3872 1239 3957 'intellegendus
1269 3871 1309 3935 sit
1337 3868 1389 3933 hic
1411 3869 1548 3956 pluralis
1572 3889 1654 3930 mas·

215 3973 341 4040 eulinus
363 3999 424 4062 pro
447 3976 602 4043 feminino
633 3978 791 4062 singulari
825 3977 960 4062 positus.
1005 3975 1112 4057 Quem
1137 3996 1211 4038 eum
1235 3974 1345 4055 ceteri,
1369 3983 1525 4057 quantum
1546 3968 1656 4051 video,

215 4075 343 4140 silentio
373 4082 612 4164 praeterierint,
634 4077 867 4158 Kuehnerus³)
897 4080 943 4142 ita
966 4101 1041 4144 eum
1070 4081 1304 4163 interpretatus
1334 4084 1393 4156 est,
1422 4085 1458 4138 ut
1487 4073 1568 4158 ipsis
1588 4074 1663 4138 suis·

215 4179 327 4244 verbis
350 4180 473 4247 diceret
504 4186 556 4264 „in
580 4184 654 4248 dem
690 4182 882 4248 abstrakteu
919 4180 1041 4264 begriff
1069 4180 1129 4244 der
1159 4178 1293 4244 vielheit
1328 4177 1464 4241 verliert
1497 4175 1565 4240 sich
1597 4174 1658 4238 der

215 4282 425 4348 untersehied
449 4285 506 4349 des
528 4285 763 4369 gesehleehtes,
787 4283 854 4349 und
877 4306 912 4348 so
930 4269 1007 4348 'tritt
1028 4305 1068 4345 au
1093 4282 1145 4346 die
1168 4280 1263 4344 stelle
1287 4278 1345 4344 der
1359 4279 1579 4343 lemininlorm
1602 4274 1655 4339 die

323 4537 344 4610 1)
363 4537 381 4592 1.
400 4536 418 4592 1.
438 4536 475 4606 11,
494 4540 517 4606 1,
536 4539 578 4592 aa.

323 4641 345 4714 ²)
364 4639 495 4694 Formam
513 4641 676 4694 femininam
696 4639 883 4694 defenderunt
903 4657 966 4694 eum
978 4638 1027 4691 alii
1046 4641 1105 4692 tum
1118 4637 1308 4694 Wilamowitz
1321 4637 1445 4692 Exeurse
1458 4655 1493 4689 zu
1505 4632 1666 4703 Euripides

218 4727 327 4797 Medea,
346 4727 472 4797 Hermes,
492 4731 533 4797 15,
551 4729 612 4782 618.

325 4818 346 4883 ³)
365 4815 420 4875 l,1.
440 4815 466 4869 11
486 4818 509 4885 1,
527 4815 570 4869 83.
