3796 5518
820 369 1028 432 ..71-

306 557 397 622 Inter
428 577 467 620 ea.
490 577 574 642 quae
597 553 779 640 Sophocles
802 555 943 643 praebet
972 555 1126 642 exempla
1158 554 1217 620 Ph.
1250 553 1349 636 55415
1382 547 1467 635 ἀμφὶ
1498 548 1559 615 σοῦ
1592 555 1647 615 νέα

203 652 391 740 βουλεύματ’
407 652 483 748 ’,ἐστι’
505 666 630 722 certum
651 681 715 722 non
739 668 804 741 est;
835 658 884 725 El.
916 659 978 724 931
1010 668 1119 722 autem
1148 657 1285 742 legimus
1315 651 1356 719 τὰ
1385 646 1491 719 πολλὰ
1523 644 1647 736 πατρός

202 755 284 842 πρός
305 755 411 842 τάφον
438 761 634 842 κτερίσματα
663 769 695 825 ct
719 760 774 827 Tr.
804 763 868 826 603
896 751 1019 842 δώρημ’
1052 755 1162 844 ἐκείνῳ
1195 757 1309 841 τ’νδρὶ
1343 760 1398 842 τῆς
1429 753 1506 840 ἐμῆς
1539 753 1646 834 χερός,

205 883 345 947 quocum
368 863 555 927 conferatur
577 883 691 928 versus
713 865 776 930 668
799 857 837 928 ού
859 861 900 946 δή
921 887 953 926 τι
974 864 1039 926 τῶν
1062 865 1127 925 σῶν
1149 857 1309 946 Ἡρακλεῖ
1327 856 1537 941 δωρημάτων.
1571 859 1646 924 Νοο

203 986 342 1052 parvam
360 973 469 1030 autem
485 965 704 1051 suspicionem
721 969 824 1031 movit
846 969 926 1031 viris
938 966 1043 1031 doctis
1059 987 1174 1030 versus
1193 965 1257 1032 An.
1270 967 1362 1048 1219,
1385 965 1439 1049 qui
1456 971 1506 1027 est
1520 952 1589 1024 τόδ’
1612 955 1647 1034 ἐξ

204 1061 330 1148 άθόμου
359 1063 525 1130 δεσπότου
548 1062 760 1148 κελεύσμσσιν
779 1059 956 1151 ἠθροῦμεν.
1001 1068 1094 1132 Duas
1118 1071 1375 1145 constructiones
1399 1066 1550 1130 confusas
1574 1086 1645 1130 csse

204 1156 363 1234 iudicavit
385 1169 604 1251 HermannuS,
627 1173 683 1256 qui
705 1165 739 1240 ἐξ
759 1164 890 1249 ἀθύμου
912 1169 1074 1234 δεσπότου
1096 1160 1262 1254 ἠθροῦμεν
1284 1180 1317 1234 et
1338 1164 1528 1247 aetatepost
1567 1166 1647 1228 δεσ-

203 1267 305 1335 πότου
327 1264 494 1354 ἠθρούμεν
517 1273 694 1353 coniunxit,
718 1275 806 1360 quod
829 1295 893 1338 non
917 1276 1023 1338 minus
1047 1295 1149 1358 grave
1173 1294 1279 1358 neque
1301 1276 1408 1337 minus
1424 1268 1646 1355 Sophocleum

204 1386 300 1455 esset,
324 1397 421 1460 quam
448 1375 484 1456 si,
517 1374 605 1459 quod
636 1376 691 1440 alii
718 1377 875 1456 fecerunt,
911 1372 1121 1456 κελεύσμοσιν
1153 1375 1194 1440 ad
1232 1370 1463 1459 explicandum
1498 1369 1645 1435 additum

201 1499 280 1548 esse
295 1489 485 1564 putaremus
515 1477 624 1542 verbis
648 1500 732 1564 quae
757 1489 832 1543 sunt
853 1476 887 1553 ἐξ
910 1474 1040 1558 ἀθύμου
1064 1475 1229 1542 δεσπότου
1254 1467 1435 1560 ἠθροῦμεν..
1481 1472 1515 1537 si
1538 1481 1644 1536 autem

203 1580 307 1644 verba
327 1575 362 1654 ἐξ
383 1572 511 1659 οἷθύμον
542 1576 709 1644 δεσπότου
735 1579 954 1661 κελεύσμασιν
975 1580 1195 1666 intellegimus
1223 1575 1259 1654 ἐξ
1275 1630 1282 1646 .
1300 1629 1307 1643 .
1324 1627 1355 1643 ..
1378 1573 1645 1654 κεκελευσμένοις,

204 1703 269 1768 quo
292 1682 433 1748 lectione
456 1683 578 1748 tradita
601 1684 760 1756 ducimur,
782 1687 853 1750 iure
877 1683 1100 1750 desideramus
1123 1683 1309 1764 articulum,
1343 1679 1534 1768 praesertim
1573 1698 1646 1740 cum

203 1785 282 1850 nihil
305 1784 395 1851 aliud
416 1787 539 1851 nomini
559 1785 707 1852 additum
736 1790 788 1855 sit.
833 1788 1054 1873 Lenisigitur
1084 1789 1230 1865 mutatio,
1262 1793 1319 1850 aut
1349 1806 1446 1869 quani
1476 1779 1646 1846 Nauckius

203 1889 375 1972 proposuit
398 1881 571 1966 ὀξυθύμου,
594 1898 650 1952 aut
673 1883 779 1975 quam
794 1889 1012 1954 Schwartzius
1041 1912 1168 1954 mecum
1202 1887 1453 1954 communicavit
1480 1877 1648 1962 όξύθυμοι,

203 1999 260 2054 aut
293 1989 409 2054 molior
430 1989 489 2054 illa
511 1991 657 2072 Burtoni,
682 2015 780 2078 quarn
803 1991 941 2058 Jebbius
972 1994 1014 2056 ad
1044 1992 1067 2060 l.
1102 1992 1261 2072 laudavit,
1298 1989 1530 2068 κελευσμάτων,
1566 1987 1645 2070 quin

203 2091 392 2176 recipienda
415 2095 456 2155 sit
478 2115 541 2157 non
566 2092 691 2158 dubito.

306 2194 345 2258 In
369 2196 538 2260 comoedia
561 2195 700 2282 denique
723 2197 869 2261 verbalis
892 2207 1075 2261 structurae
1100 2196 1286 2284 exemplum
1315 2216 1356 2258 ne
1385 2215 1485 2258 unum
1511 2195 1645 2279 quidem

201 2319 322 2362 invem.

305 2400 352 2466 Ut
374 2402 514 2487 passiva,
549 2403 595 2464 ita
630 2393 736 2480 activa
771 2405 870 2465 etiam
893 2405 1023 2466 nomina
1046 2403 1078 2465 in
1100 2423 1146 2480 μα
1168 2411 1317 2466 naturam
1345 2399 1515 2464 verbalem
1552 2400 1644 2483 sequi

203 2503 352 2568 solebant
373 2525 626 2590 nonnumquam.
672 2503 723 2567 Ex
750 2503 907 2589 Aeschyli
944 2514 1052 2568 tamen
1088 2505 1208 2569 fabulis
1246 2525 1329 2588 quae
1365 2502 1474 2566 afferri
1508 2510 1644 2588 possunt

202 2605 355 2692 exempla
383 2627 447 2670 non
479 2607 608 2669 omnino
646 2617 722 2670 sunt
758 2629 805 2688 ea,
842 2607 960 2692 quibus
997 2606 1053 2671 ille
1088 2630 1165 2672 usus
1199 2607 1449 2671 demonstretur.
1494 2603 1555 2671 Eu.
1579 2603 1644 2668 250

199 2703 281 2788 ύπέρ
303 2728 339 2770 τε
361 2704 484 2770 πόντον
505 2700 657 2786 ἀπτέροις
678 2705 864 2792 ποτήμασιν
886 2699 1000 2792 ἠλθον,
1026 2709 1081 2774 Pe.
1105 2709 1168 2774 308
1191 2707 1326 2792 πήδημα
1354 2707 1477 2788 κοῦφον
1508 2701 1543 2770 ἐκ
1566 2697 1646 2774 νεός

199 2801 356 2894 άφήλατο,
378 2810 435 2874 Pe.
458 2810 522 2875 tto
544 2804 632 2892 τήνδ’
654 2805 825 2890 ἐβούλευσε
856 2812 1014 2875 κέλευθον
1043 2810 1095 2874 καὶ
1127 2804 1295 2892 στράτευμ’
1328 2805 1380 2892 ἐφ’
1403 2804 1544 2873 Ἐλλάδα
1579 2831 1645 2872 non

202 2925 293 2976 certa
315 2923 400 2994 sunt,
424 2935 498 2977 cum
520 2914 660 2978 verbum
683 2914 829 2978 additum
853 2917 902 2979 sit.
949 2913 1046 2995 Quod
1071 2924 1181 2979 autem
1203 2914 1342 2998 legimus
1365 2911 1425 2978 Oh.
1448 2913 1508 2977 651
1536 2913 1645 2993 τρίτον

200 3006 272 3077 τόδ
295 3009 458 3097 ἐκπέραμα
498 3012 655 3095 δωμάτων
687 3015 771 3078 καλῶ
795 3017 929 3082 verbale
953 3019 1085 3103 quidem
1112 3041 1183 3082 esse
1215 3026 1325 3102 potest
1358 3011 1514 3098 (ἐκπερᾶν
1535 3015 1645 3095 τινος),

201 3118 259 3182 sed
297 3116 388 3182 nulla
424 3140 459 3182 rc
493 3119 700 3202 impedimur,
735 3122 906 3205 quominus
940 3142 1054 3186 verum
1087 3121 1328 3184 substantivum
1359 3141 1430 3183 esse
1461 3118 1643 3182 iudicemus

201 3219 320 3286 collato
342 3219 399 3284 illo
426 3213 512 3304 ἠλίου
536 3217 715 3304 ἐνθάκησις,
739 3223 828 3308 quod
851 3224 989 3307 legimus
1013 3223 1112 3307 Soph.
1136 3223 1195 3288 Ph.
1222 3223 1269 3288 18.

305 3339 480 3426 Euripides
514 3349 632 3423 autem,
666 3344 721 3427 qui
744 3346 875 3408 nomina
897 3346 929 3408 in
952 3363 1012 3422 μσς
1035 3342 1216 3407 verbaliter
1245 3341 1435 3428 usurpabat,
1458 3340 1522 3404 illis
1546 3344 1644 3406 etiam

202 3455 235 3516 in
272 3463 319 3522 μα
356 3443 566 3528 indulgebat.
616 3443 689 3508 Non
727 3457 817 3510 certa
851 3447 1004 3533 exempla
1036 3454 1112 3510 sunt
1147 3445 1201 3510 Hi.
1232 3447 1294 3511 829
1323 3435 1447 3527 πήδημ’
1470 3439 1502 3512 ἐς
1532 3434 1645 3508 Ἅιδου

201 3537 357 3628 κραιπνόν
372 3541 543 3630 όρμήσασά
557 3569 622 3625 μοι,
639 3546 694 3613 Tr.
712 3547 775 3612 755
790 3542 905 3627 λυγρόν
921 3549 959 3611 δέ
979 3546 1101 3632 πήδημ’
1126 3543 1157 3616 ἐς
1177 3547 1339 3632 τράχηλον
1360 3542 1493 3628 ύψόθεν
1515 3544 1644 3630 πεσών;

202 3648 270 3713 scd.
302 3647 358 3713 Or.
393 3648 473 3713 1548
504 3645 727 3733 legimus-dud
758 3642 795 3712 τό
824 3649 993 3727 Μυρτίλον
1018 3650 1136 3733 πέσημ’
1170 3645 1203 3712 ἐκ
1240 3651 1368 3731 δίφρου.
1415 3647 1497 3714 Cum
1533 3649 1644 3716 verbis

203 3761 312 3814 autem
336 3751 517 3832 coniuncta,
540 3753 587 3815 ita
609 3759 645 3815 ut
667 3751 869 3836 significatus
884 3751 977 3816 verbi
997 3752 1095 3830 illius,
1118 3775 1138 3816 a
1162 3775 1226 3838 quo
1243 3753 1426 3818 derivatum
1450 3765 1498 3819 est
1515 3774 1644 3834 nomen,

202 3855 347 3933 exsistat,
381 3853 537 3918 nonnulla
570 3853 735 3939 leguntur.
795 3854 868 3919 HF.
904 3857 964 3921 109
1000 3856 1189 3921 invenimus·
1216 3845 1299 3936 ἀμφὶ
1329 3848 1477 3936 βάκτροις
1509 3849 1644 3935 ἔρεισμα

199 3957 347 4034 θέμενος,
381 3955 438 4018 ubi
462 3952 594 4037 ἔρεισμα
627 3956 787 4020 τίθεσθαι
816 3959 957 4043 positum
992 3969 1041 4022 cst
1078 3980 1137 4044 pro
1171 3950 1358 4040 ἐρείδεσθαι
1387 3958 1503 4022 eodem
1535 3957 1642 4039 m0d0,

202 4080 266 4144 quo
289 4058 428 4142 legimus
452 4056 599 4143 σπουδὴν
619 4062 777 4124 τίθεσθαι
798 4061 850 4126 Ai.
876 4063 925 4141 13,
947 4061 1020 4127 alia.
1036 4063 1055 4141 ¹)
1099 4061 1148 4126 Ιο.
1171 4060 1269 4142 urolt
1292 4061 1432 4142 legimus
1450 4054 1644 4140 ’πρόσπολοι

201 4165 349 4241 γυναῖκες,
371 4156 407 4222 αἳ
425 4161 517 4222 τῶνδ’
540 4154 625 4244 άμφὶ
644 4163 803 4248 κρηπῖδας
824 4159 931 4240 δόμων
952 4158 1124 4226 θυοδόκων
1145 4158 1304 4246 φρούρημ’
1326 4159 1457 4238 ἔχουσαι
1478 4162 1644 4244 δεσπότην

200 4257 389 4342 φυλάσσετε,
423 4263 479 4328 ubi
511 4265 610 4346 igitur
645 4267 785 4331 verbum
820 4271 979 4346 φρουρεῖν
1016 4277 1065 4332 est
1098 4267 1247 4350 vigilare,
1277 4289 1343 4330 non
1365 4265 1540 4330 custodire.
1586 4264 1642 4332 Pb.

203 4366 285 4431 1549
316 4376 422 4430 exstat
450 4361 472 4449 ἠ
498 4363 586 4430 πόδα
622 4365 680 4432 σὸν
713 4364 907 4449 τυφλόπουν
943 4364 1191 4451 θεραπεύμασιν
1226 4365 1294 4430 αἰὲν
1326 4363 1470 4446 ἐμόχθει,
1504 4388 1643 4454 quorum

202 4465 438 4532 vocabulorum
468 4471 518 4533 vis
546 4470 644 4554 plane
674 4471 792 4570 epdem
820 4484 871 4536 est
901 4492 986 4557 quae
1017 4465 1228 4551 ἐθεράπευσε
1248 4465 1450 4555 μοχθήσασα,
1475 4472 1516 4535 cf.
1541 4469 1641 4556 Soph.

201 4570 250 4636 El.
277 4571 373 4652 123J5
400 4571 459 4633 τίν’
482 4569 532 4634 art
554 4569 660 4642 τάκεις
681 4571 736 4635 ὧδ’
764 4564 941 4656 άκόρεστον
964 4569 1106 4651 οἰμωγὰν
1128 4570 1187 4636 τόν
1208 4567 1309 4636 πάλαι
1332 4619 1370 4638 ..
1398 4623 1404 4635 .
1439 4566 1543 4635 όλόντ’
1572 4623 1578 4638 .
1602 4622 1609 4637 .
1634 4622 1642 4637 .

308 4776 330 4839 ¹)
348 4773 441 4826 Aliter
460 4773 598 4828 iudicavit
618 4773 809 4830 Wilamowitz
830 4775 866 4828 ad
885 4776 903 4834 1,
