3796 5518
886 424 1093 486 ..14-

379 612 483 677 Nemo
522 618 630 676 autem
669 608 877 695 exspectabit
915 609 999 674 hanc
1037 611 1186 694 regulam
1220 635 1317 697 quam
1356 615 1568 696 cognovimus
1598 616 1713 700 utique

268 717 482 783 observatam
499 736 578 778 esse.
612 711 685 792 Quo
700 713 804 795 magis
820 711 1007 776 oblitterata
1021 715 1055 776 vi
1069 713 1245 802 principali
1260 717 1370 776 τέκνον
1382 722 1415 778 61
1426 722 1502 784 παῖς
1514 715 1652 780 alterum
1670 717 1714 782 ad

273 818 413 884 alterum
425 815 743 904 appropinquabant,
753 836 791 878 eo
801 815 1002 900 frequentius
1010 816 1195 880 nominibus
1203 818 1388 902 promiscue
1401 819 1712 904 utebanturpoetae‚

271 921 374 1002 velut,
403 931 438 985 61
466 918 624 985 66666116
655 918 800 998 afferam,
822 916 961 1002 legimus
991 917 1063 985 HF.
1088 920 1149 982 124
1175 914 1235 980 σὺν
1257 919 1354 1001 μητρὶ
1377 919 1506 998 παῖδας,
1529 920 1603 987 Η61.
1629 921 1712 987 1215

273 1035 388 1088 contra
422 1017 544 1104 μητρὸς
572 1011 640 1082 τόδ’
669 1015 762 1099 ἔργον
790 1008 811 1102 ἢ
838 1013 984 1098 γυναικὸς
1012 1010 1188 1112 ἢιιέκνων,
1220 1020 1292 1086 HF.
1318 1021 1401 1086 1376
1427 1027 1545 1085 τέκνων
1566 1022 1713 1103 γυναικός

269 1120 310 1205 α’,
342 1125 414 1189 HF.
448 1125 488 1188 41
520 1119 578 1185 σὺν
605 1123 711 1206 μητρί,
741 1126 836 1185 τέκνα
863 1117 908 1205 μὴ
941 1113 1064 1183 86νωσ’
1091 1115 1283 1203 Ἡρακλέους
1294 1123 1328 1204 ¹).
1381 1124 1474 1188 Haec
1497 1137 1572 1191 sunt
1593 1149 1711 1210 pauca,

267 1228 393 1314 quibus
421 1229 630 1311 impugnetur
659 1224 785 1308 regula,
817 1246 915 1309 quam
939 1234 1048 1289 tamen
1070 1226 1104 1288 in
1125 1248 1250 1291 summa
1273 1235 1437 1292 servatam
1462 1249 1530 1292 esse
1553 1230 1713 1312 videmus,

272 1353 379 1417 neque
402 1329 563 1394 omiserim
586 1327 704 1391 afferre
726 1325 934 1412 praeclarum
954 1326 1037 1390 illud
1055 1327 1253 1411 exemplum,
1276 1328 1365 1413 quod
1380 1329 1519 1414 legimus
1534 1331 1600 1396 Me.
1619 1333 1710 1414 1363,

272 1433 330 1496 ubi
359 1432 434 1496 Iaso
465 1430 628 1494 exclamat
656 1414 680 1491 ὦ
702 1436 804 1507 τέκνα,
834 1422 954 1511 μητρὸς
977 1420 1017 1499 ὦς
1038 1427 1132 1513 κακῇς
1162 1425 1317 1511 ἐκύρσατε
1339 1439 1370 1496 61
1392 1433 1512 1499 Medea
1534 1435 1713 1521 respondet

274 1535 357 1600 1364
379 1517 406 1595 ai
425 1534 547 1608 παῖδες,
570 1524 611 1602 ὦς
634 1526 760 1594 diaeta
781 1527 914 1614 πατρῴᾳ
941 1527 1036 1616 νόσῳ.

380 1638 484 1702 Porro
515 1647 626 1702 autem
654 1636 816 1721 probatur
846 1635 927 1699 haec
949 1635 1065 1718 regula
1089 1657 1187 1721 quam
1211 1639 1308 1700 statui
1333 1637 1536 1703 allocutionis
1559 1639 1713 1721 formula,

276 1762 360 1826 quae
398 1739 483 1826 apud
523 1762 623 1803 unum
659 1736 852 1823 Euripidem
890 1739 1061 1819 invenitur,
1100 1760 1231 1824 semper
1263 1738 1321 1802 illa
1353 1763 1373 1803 a
1405 1751 1509 1805 matre
1537 1753 1712 1827 usurpata:

266 1832 429 1906 ‹dre‘auou
451 1864 515 1922 μοι,
543 1840 597 1908 Al.
622 1842 685 1907 313
709 1833 747 1901 σύ
770 1831 810 1917 δ’,
840 1828 996 1932 eiusavus
1024 1861 1091 1920 μοι,
1110 1839 1180 1909 πῶς
1201 1840 1393 1925 κορενθὴσει
1414 1840 1523 1920 καλῶς,
1545 1844 1592 1910 Io.
1618 1844 1711 1927 13e9,

274 1945 333 2011 IA.
358 1945 430 2029 613,
454 1944 510 2009 Or.
537 1946 605 2010 124.
651 1943 722 2006 Etsi
747 1945 831 2006 enim
856 1952 982 2007 constat
1006 1945 1206 2030 pronominis
1237 1944 1419 2029 personalis
1443 1945 1588 2010 dativum
1610 1947 1712 2011 nomi-

267 2050 369 2113 nibus
398 2050 455 2130 eis,
487 2070 571 2133 quae
601 2047 861 2109 coniunctionem
891 2047 1057 2129 sauguinis
1081 2047 1273 2129 significant,
1296 2046 1373 2111 addi
1403 2047 1509 2112 solere
1539 2071 1603 2114 non
1627 2071 1711 2130 rar0‚

270 2150 365 2214 velut
385 2139 411 2212 ὦ
434 2147 565 2229 σι’γγονέ
582 2169 638 2226 μοι
660 2146 711 2210 ΕΙ.
729 2148 821 2229 1308,
836 2147 893 2214 ΙΤ.
910 2147 961 2230 86,
983 2137 1008 2209 a}
1032 2144 1141 2210 θανών
1162 2170 1218 2228 μοι
1239 2144 1343 2228 πάτερ
1363 2149 1438 2216 Η61.
1456 2150 1549 2232 1028,
1564 2140 1589 2212 ὦ
1605 2142 1712 2220 καινὸς

272 2244 351 2334 ἡμῖν
372 2250 471 2320 πόσις
496 2252 568 2317 Η61.
588 2251 677 2333 1399,
693 2264 803 2315 tamen
827 2251 928 2314 verba
950 2251 1009 2315 illa
1033 2241 1188 2313 ὦνέκνον
1208 2273 1265 2330 μοι
1287 2253 1382 2317 aliter
1403 2252 1625 2337 intellegenda
1640 2276 1711 2319 esse

272 2356 446 2422 contendo.
490 2353 654 2438 Exempla
685 2356 770 2416 enim
794 2376 843 2434 66,
868 2377 951 2439 6666
977 2375 1077 2437 supra
1100 2353 1233 2438 protuli,
1261 2369 1392 2420 secutus
1414 2359 1522 2418 τέκνον
1544 2355 1608 2421 11116
1632 2355 1712 2421 16616

270 2459 438 2542 passivum
469 2459 595 2543 accipio
625 2466 658 2519 61
680 2477 737 2534 μοι
759 2456 919 2521 accedere
943 2455 985 2519 ad
1008 2456 1224 2538 significatum
1247 2457 1424 2521 verborum
1445 2450 1502 2520 ὑπ’
1525 2453 1605 2538 ἐμοῦ
1627 2458 1711 2524 6166.

271 2560 324 2625 116
354 2577 461 2626 autem
491 2583 561 2624 rem
592 2582 663 2624 6666
692 2558 817 2623 habere
848 2580 887 2623 eo
915 2561 1039 2623 maiore
1062 2564 1132 2623 iure
1156 2560 1352 2624 contendere
1375 2560 1450 2623 mihi
1475 2559 1599 2642 videor,
1623 2561 1713 2646 quod

269 2661 373 2727 verba
396 2663 454 2727 illa
477 2665 649 2727 coniuncta
672 2683 800 2745 semper
822 2684 843 2726 a
865 2671 968 2725 matre
991 2662 1079 2726 dicta
1106 2675 1189 2740 sunt,
1214 2661 1378 2748 adquam
1393 2665 1553 2748 imprimis
1569 2666 1712 2748 pertinet

269 2766 408 2828 verbum
439 2769 563 2843 τίκιειν,
600 2786 707 2850 66666
744 2785 882 2848 usquam
920 2763 1034 2828 similis
1068 2767 1199 2828 dativus
1231 2766 1352 2828 nomini
1382 2772 1458 2835 παῖς
1494 2765 1713 2847 6661166661,

270 2889 345 2932 cum
374 2867 453 2934 Her.
485 2867 557 2950 578,
592 2888 688 2952 quem
719 2887 850 2928 versum
881 2866 1028 2930 attulerit
1058 2869 1139 2951 quis,
1170 2865 1222 2928 σοὶ
1242 2868 1356 2938 παῖδές
1382 2863 1488 2946 ἐσμεν,
1512 2875 1584 2931 σαῐν
1605 2874 1712 2949 χεροῖν

266 2964 495 3049 τεθράμμεθα,
519 2968 601 3033 11166
626 2971 681 3030 σοι’
700 2990 880 3053 pronomen
903 2970 1125 3053 possessivum
1141 2969 1258 3034 melius
1274 2972 1482 3056 accipiamus,
1503 2984 1536 3035 61
1550 2972 1632 3038 Η66.
1648 2973 1710 3036 202

270 3093 340 3159 sqq.
364 3065 466 3154 οὐκέτι
489 3088 541 3133 σοι
563 3078 641 3140 παῖς
652 3063 703 3132 ἅδ’
727 3064 883 3153 οὕκέιιδή
904 3076 908 3148 l
928 3071 1011 3154 γήρᾳ
1026 3070 1153 3152 δειλαίῳ
1170 3069 1294 3134 δειλαία
1313 3073 1318 3152 Ι
1339 3068 1568 3135 συνδουλεύσο
1581 3072 1711 3138 dativus

263 3197 288 3238 e
311 3177 414 3240 verbo
437 3174 589 3261 pendeat.

377 3278 450 3342 Hac
481 3278 666 3344 differentia
696 3277 729 3340 in
759 3278 927 3363 usurpatis
956 3275 1139 3341 nominibus
1162 3283 1240 3345 παῖς
1262 3285 1294 3338 61
1315 3280 1427 3339 τέκνον
1449 3276 1635 3365 approbata
1657 3275 1710 3340 de·

266 3380 407 3446 feudare
427 3404 492 3446 non
517 3380 744 3444 cunctabimur
772 3399 905 3442 versum
935 3378 1026 3442 illum
1051 3383 1191 3463 primurn
1216 3403 1234 3443 a
1257 3378 1401 3461 Reiskio,
1431 3381 1549 3444 deiude
1574 3379 1616 3444 ab
1639 3378 1711 3443 aliis

270 3482 381 3546 multis
403 3504 507 3568 usque
531 3482 573 3547 ad
596 3485 770 3546 novissima
787 3492 935 3568 tempora
949 3495 1112 3546 mutatum
1127 3482 1183 3549 IT.
1200 3484 1272 3565 238,
1288 3483 1345 3546 ubi
1361 3493 1484 3568 pastor,
1500 3484 1556 3568 qui
1575 3485 1710 3546 iuvenes

265 3582 345 3648 *illos
368 3583 450 3648 duos
474 3599 588 3668 captos
612 3607 682 3648 esse
706 3586 843 3666 nuntiat,
865 3585 1069 3670 Iphigeniam
1092 3585 1271 3672 alloquitur

594 3681 827 3767 Ἀγαμέμνονος
850 3695 914 3750 παῖ
933 3689 985 3750 καὶ
1009 3678 1271 3773 Κλυίυιμήσιρας
1292 3693 1404 3752 τέκνον

264 3810 376 3875 neque
389 3792 586 3854 mutabimus
598 3799 662 3853 παῖ
675 3795 705 3854 16
719 3811 762 3857 νε.
788 3791 909 3856 Sensus
922 3793 1005 3855 enim
1023 3792 1086 3855 loci
1099 3792 1151 3856 bic
1167 3803 1232 3856 est:
1249 3793 1336 3856 Filia
1352 3793 1616 3876 Agamemnonis,
1632 3798 1711 3854 6616

269 3914 288 3956 6
305 3891 556 3978 Clytaemestra,
571 3896 611 3957 cf.
628 3893 679 3957 El.
699 3894 795 3974 115l6
810 3889 967 3975 ἐγενόμην
980 3886 1212 3970 Ἀγαμέμνονας
1233 3901 1237 3969 l
1256 3891 1355 3971 κούρα
1369 3900 1427 3956 καί
1438 3887 1561 3974 μ’ἔιεκε
1575 3892 1710 3956 Κλυται-

261 3993 402 4078 μήστρα.
424 3997 544 4060 Similis
558 4007 606 4060 est
619 4018 732 4058 versus
745 3996 791 4060 ΙΤ
814 3997 878 4061 800
889 3985 914 4056 d
927 3996 1156 4079 συγκασιγνήτη
1168 4016 1204 4058 ce
1214 3990 1272 4057 κάκ
1287 3988 1404 4058 καύτοῦ
1418 3994 1552 4078 πατρός,
1567 4005 1599 4060 61
1611 3995 1710 4081 plane

271 4096 376 4162 eidem
399 4116 473 4163 sunt
497 4099 552 4164 [Α.
574 4100 647 4174 896,
669 4100 727 4162 ubi
748 4099 896 4164 Achilles
912 4122 932 4163 a
948 4097 1187 4183 Clytaemestra
1210 4111 1348 4164 vocatur
1371 4085 1396 4160 d
1417 4103 1528 4162 τέκνον
1549 4097 1709 4183 Νηρῇδος,

263 4183 295 4260 ai
323 4207 387 4262 παῖ
410 4201 551 4284 Πηλέως,
590 4201 644 4267 Hi.
680 4203 721 4266 10
751 4195 769 4263 6
801 4197 860 4284 γάρ
888 4221 930 4280 με
963 4203 1091 4283 Θησέως
1117 4209 1202 4280 παῖς,
1231 4195 1407 4280 Ἀμαζόνος
1429 4197 1538 4284 τόκος;
1562 4202 1706 4265 luculen-

270 4303 429 4367 tissimum
452 4318 560 4369 autem
585 4305 774 4390 exemplum
802 4305 938 4389 legimus
967 4305 1012 4368 Pr
1049 4306 1104 4369 141
1131 4328 1201 4390 sqq.
1233 4303 1303 4368 αἰαῖ
1330 4302 1406 4386 αἰαῖ,
1435 4305 1489 4387 τῆς
1516 4303 1710 4366 πολυτέκνου

267 4399 396 4488 ’Τηθύος
416 4402 527 4485 ἔκγονα
549 4407 603 4468 τοῦ
629 4408 706 4486 περὶ
728 4405 841 4469 πᾶσάν
856 4398 891 4468 u'
911 4404 1131 4485 εἱλισσομένου
1149 4401 1242 4483 χθόν’
1261 4399 1422 4492 ἇνιειρήιιμ
1440 4401 1574 4489 ῥεύματι
1595 4405 1711 4473 παῖδας

264 4500 392 4590 πατρὸς
425 4500 582 4574 Ὠκεανοῦ.
650 4509 757 4574 Versu
796 4503 905 4574 autem
949 4510 1026 4576 Eur.
1059 4510 1121 4577 An.
1158 4510 1232 4591 884,
1270 4531 1334 4594 666
1378 4510 1523 4592 confugit
1558 4507 1709 4588 Weilius,

272 4644 578 4656 ——m

373 4758 394 4830 ²)
414 4759 470 4812 Hic
488 4777 586 4814 versus
605 4761 700 4814 multis
720 4761 755 4815 de
775 4762 867 4816 666616
885 4767 1034 4832 suspectus
1054 4768 1096 4815 661
1116 4767 1144 4816 61
1157 4766 1234 4816 recte
1247 4778 1264 4815 a
1277 4762 1407 4818 Nauckio
1421 4761 1536 4816 eiectus.
1560 4761 1623 4816 Non
1636 4759 1709 4814 bene

267 4845 504 4902 Wilamowitzius
523 4865 585 4902 eum
605 4849 731 4906 retinuit.
