3796 5518
866 432 1071 494 ..68-

255 617 448 700 „Graeciam
467 616 603 681 floribus
621 615 775 698 ornatis“,
791 640 856 703 quo
873 615 987 682 codem
1003 617 1101 682 modo
1126 614 1278 681 dicuntur
1300 618 1362 679 viri
1386 611 1546 696 ἀγάλματα
1567 622 1695 703 patriae

253 720 328 788 Hel,
352 721 424 801 206,
449 719 505 786 Su.
529 719 590 784 631
615 720 753 804 aliisque
776 719 858 784 locis
880 741 945 784 nou
967 721 1081 804 paucis
1091 719 1125 797 ¹).

360 818 454 888 Haec
487 831 562 886 sunt
596 843 680 907 quae
713 823 907 906 gravissima
941 822 981 885 de
1015 843 1076 886 usu
1110 822 1311 904 tragicorum
1344 819 1408 886 dici
1441 835 1593 908 possunt3
1627 825 1691 888 iam

254 938 458 989 transeamus
489 925 532 988 ad
567 927 766 989 comicorum
796 946 977 988 sermonem
1007 924 1276 1005 percensendum,
1312 926 1432 1009 inquo
1458 924 1539 989 hacc
1561 929 1693 990 nomina

253 1031 359 1093 rarius
381 1029 519 1092 inveniri
542 1029 600 1090 vix
623 1037 671 1090 est
694 1028 781 1113 quod
805 1029 921 1094 dicam.

353 1131 408 1206 De
424 1129 588 1195 nonnullis
605 1139 715 1194 autem
738 1131 837 1194 rebus
859 1130 912 1194 vel
935 1132 1159 1194 instrumentis
1181 1131 1312 1193 nomina
1328 1131 1360 1192 in
1375 1149 1421 1207 μα
1436 1129 1696 1214 usurpabanturt

255 1225 384 1314 ἥδυσμα
430 1233 491 1318 Eq.
525 1234 587 1298 678
629 1229 743 1295 ἔπειτα
787 1239 853 1302 ταῖς
894 1224 1009 1312 ἀφύαις
1044 1228 1175 1294 ἐδίδουν
1207 1223 1382 1313 ἡδύσματα,
1414 1231 1474 1295 Ve.
1507 1233 1581 1313 496,
1613 1234 1697 1314 499,

254 1336 413 1414 δελέασμα
435 1336 495 1420 Eq.
522 1337 602 1418 789;
624 1328 758 1412 ἀγαλμα,
784 1335 825 1399 do
851 1357 916 1420 qno
940 1357 1038 1420 supra
1062 1336 1131 1418 egi3
1153 1332 1282 1416 κόρημα
1303 1333 1361 1398 Ρα.
1383 1334 1433 1416 59,
1457 1335 1630 1421 Eupolidis
1652 1337 1692 1399 fr.

259 1441 336 1522 1573
357 1435 502 1517 κάλυμμα
525 1439 586 1524 Ly.
612 1439 694 1520 63ος
724 1442 881 1520 χέρνιμμα
903 1435 1083 1503 Philonidis
1106 1439 1143 1503 fr.
1164 1439 1217 1519 143
1240 1433 1438 1520 διακόλλημα
1459 1436 1630 1522 Eupolidis
1653 1438 1693 1502 fr.

254 1542 334 1622 4093
377 1541 534 1624 τρύφημα·
565 1542 665 1606 Arist.
704 1541 855 1613 6.,320,
901 1540 1046 1621 Polyzeli
1084 1541 1126 1604 fr.
1167 1543 1216 1604 11.
1275 1539 1551 1624 Paratragoedica
1583 1550 1694 1605 autern

256 1645 413 1728 leguntur
435 1643 532 1708 haec:
554 1641 704 1724 βόσκημα
726 1643 786 1708 Ra.
810 1643 883 1724 892,
912 1638 1017 1725 νόημα
1039 1629 1101 1708 Νο,
1124 1644 1196 1722 229,
1227 1642 1287 1708 Th.
1309 1642 1388 1724 4633
1422 1637 1609 1724 ἀπαιόλημα
1630 1643 1693 1708 Nu.

258 1748 336 1828 7293
368 1739 518 1828 φρόνημα
552 1745 612 1809 Ve.
648 1746 748 1826 10243
783 1739 945 1824 ἀγώνισμα
973 1746 1032 1811 Ra.
1063 1745 1142 1827 2843
1183 1738 1287 1828 ὄχημα
1320 1745 1377 1810 Ρο.
1409 1746 1481 1810 866.
1527 1745 1694 1810 Pluralem

257 1859 366 1913 autem
382 1849 458 1934 poni
475 1870 535 1932 pro
552 1849 707 1930 singulari
731 1871 864 1935 prorsus
887 1871 957 1912 csse
981 1849 1121 1912 alienum
1145 1871 1164 1911 a
1188 1849 1319 1912 comicis
1344 1871 1444 1934 supra
1459 1871 1489 1934 p.
1503 1870 1535 1933 p.
1549 1849 1587 1912 31
1606 1859 1638 1912 et
1652 1849 1698 1911 34

257 1949 395 2030 ostendi,
409 1971 516 2035 neque
532 1948 615 2014 bene
631 1953 771 2015 mutavit
786 1950 960 2015 Dobreeus
978 1973 1109 2014 versum
1128 1951 1185 2015 Ve.
1202 1951 1265 2013 496
1288 1942 1328 2033 ἢν
1350 1950 1388 2012 δὲ
1410 1946 1538 2032 γητειον
1560 1967 1693 2029 προσαι-

256 2055 297 2138 τῇ
318 2061 387 2122 ταῖς
414 2044 529 2132 ἀφύαις
551 2037 682 2137 ἥδυσμά
703 2075 735 2116 τι
757 2057 790 2118 in
810 2075 858 2122 τις
880 2049 996 2135 ἀφύαις
1018 2049 1193 2137 ἡδύσματα,
1225 2077 1289 2140 quo
1313 2053 1384 2117 loco
1407 2052 1612 2136 Hirschigius
1635 2075 1697 2136 pro

256 2178 288 2219 τι
310 2158 439 2240 scripsit
459 2175 506 2224 τις
527 2149 640 2222 ναοῖο,

365 2258 463 2340 Quod
501 2259 589 2344 apud
630 2257 826 2343 Sophoclem
866 2261 1088 2342 cognovimus,
1123 2261 1224 2342 magis
1258 2261 1357 2323 etiam
1390 2260 1573 2323 invenimus
1606 2261 1696 2346 apud

257 2362 524 2446 Aristophanem,
548 2363 678 2425 nomina
709 2362 833 2425 scilicet
855 2364 887 2424 in
909 2382 955 2439 μα
977 2363 1018 2426 de
1041 2363 1226 2426 hominibus
1249 2363 1338 2427 dicta
1360 2363 1392 2424 in
1415 2384 1476 2425 usu
1498 2384 1562 2425 non
1585 2362 1693 2428 fuisse.

259 2465 412 2546 Legimus
428 2466 514 2528 enirn
530 2466 631 2550 ipsius
647 2466 762 2528 comici
778 2464 868 2528 nulla
885 2466 944 2528 nisi
961 2465 1171 2529 collectivum
1187 2465 1269 2529 illud
1294 2458 1478 2544 στράτευμα
1500 2466 1582 2531 Ach.
1605 2466 1696 2544 1080,

258 2568 320 2652 Ly.
340 2568 422 2631 1133
445 2575 477 2630 ct
493 2568 625 2630 nomina
648 2566 891 2647 contumeliosa,
909 2581 1083 2652 quaesunt
1100 2568 1148 2632 Pl.
1171 2567 1235 2632 454
1257 2562 1377 2645 γρύζειν
1399 2566 1506 2629 δὲκαὶ
1527 2566 1698 2645 τολμᾶτον,

258 2654 502 2749 ἀκαθάρματε,
525 2671 588 2733 Αν.
611 2671 672 2734 431
697 2672 896 2732 πυκνότατον
917 2671 1042 2740 κίναδος
1066 2667 1211 2752 σόφισμα
1231 2675 1337 2747 κύρμα
1366 2674 1487 2748 τρῖμμα
1515 2660 1698 2752 παιπάλημ’

254 2762 345 2835 ὅλον.
405 2771 531 2836 Horum
567 2774 657 2857 prius
692 2785 781 2835 certo
815 2772 1073 2856 intellegendum
1112 2785 1159 2835 est
1196 2772 1413 2858 participialc,
1449 2784 1484 2834 ut
1521 2773 1698 2836 scholiasta

259 2877 368 2956 docet,
399 2877 450 2939 cui
479 2875 674 2954 κα9ἀρματα
706 2883 780 2938 sunt
803 2871 833 2935 οἱ
854 2870 910 2936 ἐπὶ
932 2875 1090 2956 καθάρσει
1112 2873 1209 2936 κακού
1229 2894 1313 2942 τινος
1335 2870 1501 2952 θυόμενοι,
1533 2887 1567 2940 ut
1590 2887 1696 2938 morte

260 3001 372 3043 eorum
396 2977 476 3042 illud
499 2977 694 3063 expieturh.
740 2977 792 3040 De
819 2977 922 3041 altero
946 2990 1055 3041 autem
1078 2981 1207 3042 nomine
1231 3000 1356 3040 summa
1379 2998 1449 3040 esse
1471 2985 1580 3060 potest
1603 2977 1697 3041 dubi·

259 3083 350 3147 tatio.
396 3080 463 3144 Leo
486 3082 602 3165 Meyer
625 3103 649 3144 s.
673 3101 714 3158 v.,
748 3079 887 3142 Jebbius
917 3081 959 3144 ad
989 3081 1041 3144 Ai.
1072 3081 1143 3160 381,
1173 3079 1227 3142 alii
1255 3075 1448 3161 παιπάλημα
1469 3079 1697 3142 iudicaverunt

259 3184 444 3260 derivatum
477 3207 547 3248 esse
571 3210 591 3247 a
612 3179 767 3263 παιπάλη,
793 3181 881 3267 quod
904 3183 945 3246 de
968 3183 1096 3246 homine
1122 3183 1241 3246 dicitur
1270 3181 1334 3247 Nu.
1357 3181 1422 3244 260
1449 3180 1549 3259 λέγειν
1572 3177 1698 3264 γενήσει

259 3293 384 3366 τρῖμμα
419 3284 574 3368 κρόταλον
608 3280 770 3369 παιπάλη,
803 3297 839 3348 ut
867 3286 953 3349 idem
986 3297 1080 3364 esset,
1111 3285 1198 3370 quod
1235 3286 1401 3370 passivum
1430 3275 1544 3366 ἀλημα.
1596 3283 1697 3369 Apud

260 3389 462 3475 Hesychium
494 3398 603 3452 autem
633 3390 740 3474 ipsum
775 3387 915 3450 verbum
944 3386 1109 3449 παιπαλάν
1132 3390 1323 3469 invenimus²
1354 3387 1442 3473 quod
1463 3391 1698 3470 grammaticus

261 3491 440 3576 explicavit
471 3487 611 3570 ἐρευνᾶν,
643 3497 861 3571 περισκοκεῐν,
892 3514 911 3553 a
942 3511 1006 3576 quo
1031 3513 1094 3554 non
1118 3491 1228 3555 differt
1254 3489 1383 3572 Suidas‚
1412 3491 1514 3575 quis.
1539 3511 1569 3554 v.
1596 3491 1696 3573 Κίρκη

261 3595 339 3660 dicit
381 3592 437 3664 τὰς
472 3592 509 3655 δὲ
545 3589 757 3662 παιπαλιύσας
794 3599 939 3671 γυναῖκας
976 3595 1096 3672 Κίρκας
1129 3597 1245 3673 φαμέν,
1296 3603 1328 3655 ct
1360 3590 1553 3676 παιπάλημα
1586 3593 1614 3656 ei
1650 3599 1700 3654 est

260 3697 402 3766 ποικίλος
423 3692 457 3758 ἐν
478 3697 578 3778 κακίᾳ,
602 3718 700 3782 quam
718 3697 1020 3780 interpretationem
1046 3696 1197 3780 probavit
1213 3696 1359 3776 Photius,
1382 3698 1427 3758 ita
1449 3707 1486 3758 ut
1508 3717 1564 3758 eos
1581 3716 1697 3758 nornen

261 3801 323 3865 hoc
351 3798 557 3886 participiale
588 3799 789 3862 intellexisse
812 3805 980 3884 appareat,
1012 3799 1055 3862 ad
1078 3821 1176 3883 quam
1198 3799 1502 3883 interpretationem
1525 3819 1589 3861 non
1612 3795 1699 3860 male

262 3904 424 3990 quadrant
444 3901 549 3966 verba
571 3901 735 3965 Athenaei
759 3901 788 3981 8,
813 3901 876 3964 335
898 3902 941 3980 D,
964 3902 1019 3965 ubi
1043 3901 1236 3986 Polycrates
1260 3901 1405 3986 sophista
1434 3911 1572 3964 vocatur
1593 3892 1698 3976 λόγων

260 4025 297 4068 τε
313 4001 507 4087 παιπάλημα
521 4003 573 4064 καλ
587 3993 665 4085 κακὴ
682 4001 818 4083 γλῶσσα,
834 4004 1027 4088 quibuscum
1044 4006 1194 4068 conferas
1210 4006 1308 4067 ctiam
1324 4002 1495 4067 Aeschinis
1518 4001 1625 4066 locum
1642 4001 1699 4087 qui

262 4119 311 4173 est
326 4109 356 4188 2,
371 4109 422 4171 40.
446 4105 600 4170 Ceterum
623 4105 708 4170 hanc
732 4108 956 4190 quaestionem
979 4105 1204 4172 diiudicabunt
1225 4108 1264 4188 ei,
1288 4108 1343 4191 qui
1367 4105 1464 4168 altius
1487 4108 1520 4169 in
1544 4112 1698 4168 naturam

262 4209 393 4292 linguae
418 4209 675 4294 penetraverint;
699 4207 952 4290 explicationem
975 4219 1081 4273 autem
1106 4210 1242 4274 alteram
1266 4209 1496 4294 simpliciorem
1512 4229 1583 4271 esse
1599 4227 1697 4292 qnam

261 4316 404 4402 priorem
428 4310 536 4375 credo.

263 4467 570 4478 ————-————

366 4564 387 4637 1)
418 4563 566 4618 Vocabula
602 4563 728 4634 λα’τισμα
765 4568 794 4618 et
823 4562 989 4626 λωτίζεοθαι
1018 4564 1152 4634 leguntur
1182 4565 1274 4618 tribus
1306 4565 1369 4618 aliis
1400 4565 1479 4622 locis.
1527 4562 1630 4620 Aesch.
1663 4561 1698 4619 fr.

262 4653 296 4708 99
317 4668 344 4708 v,
364 4652 396 4704 17
415 4653 444 4703 et
461 4649 569 4702 Achaei
588 4649 623 4706 fr.
643 4651 677 4704 31
696 4651 829 4704 restituta
849 4667 882 4703 ea
900 4655 966 4703 sunt
985 4651 1147 4704 coniectura
1166 4653 1235 4706 satis
1254 4657 1345 4720 certa3
1364 4651 1451 4722 Soph.
1467 4651 1503 4706 fr.
1516 4651 1566 4705 657
1586 4648 1701 4703 codices

263 4737 434 4807 discrepant,
451 4753 542 4806 neque
561 4735 728 4800 λωτίζτοθαι
749 4736 853 4789 bonum
872 4736 993 4792 videtur.

367 4841 390 4908 2)
408 4839 518 4895 Similes
536 4846 603 4894 sunt
622 4840 826 4910 explicationes
846 4840 981 4910 Hesychi,
999 4839 1112 4909 Suidas‚
1131 4841 1279 4894 annotatio
1297 4840 1333 4894 ad
1352 4841 1423 4897 Ach.
1444 4843 1487 4904 44,
