3796 5518
850 359 1063 424 ...38-

341 543 482 610 Nomina
506 545 624 631 quibus
647 546 783 614 maritus
807 554 840 612 et
861 569 956 630 uxor,
978 567 1071 612 socer
1094 559 1127 614 et
1148 571 1250 634 gener
1272 550 1507 635 significantur,
1540 575 1683 640 qnorum

236 647 341 712 altera
365 649 496 713 omnino
519 671 594 714 raro
624 650 788 736 leguntur,
821 652 901 718 nihil
938 649 1109 735 praebent,
1145 651 1234 737 quod
1266 651 1420 718 uberiore
1460 654 1682 741 disputatione

227 749 372 834 dignum
396 753 447 816 sit.
495 749 560 816 Tot
582 752 645 818 illis
668 775 752 839 quae
773 754 945 840 tragoedia
967 753 1150 841 usurpabat
1171 752 1351 837 vocabulis,
1374 755 1465 830 uelut
1494 750 1585 842 ἀνήρ,
1605 753 1687 841 φώς,

234 850 344 933 πόσις,
367 851 491 934 δάμαρ,
518 851 639 932 ἄλοχος,
672 844 765 932 adare
797 851 925 938 ἄκοιτις,
957 856 1011 937 al,
1045 877 1130 942 quac
1155 859 1339 943 comparari
1377 861 1503 943 possint
1537 881 1554 923 e
1586 862 1682 944 copia

234 957 412 1021 verborum
434 958 633 1041 comoediae,
656 959 727 1024 sola
749 970 822 1026 sunt
844 953 926 1043 ἀνήρ
950 968 982 1023 et
1002 955 1091 1043 γονή.

170 1143 173 1150 Δ
339 1059 432 1123 Haec
456 1070 564 1125 autem
588 1070 672 1139 sunt,
694 1084 779 1147 quae
803 1063 844 1128 de
866 1085 928 1128 usu
950 1061 1196 1145 vocabulorum,
1231 1083 1316 1148 quae
1353 1062 1396 1128 ad
1430 1061 1679 1128 necessitudinis

234 1163 346 1226 varios
381 1163 504 1245 gradus
537 1162 742 1230 denotandos
778 1174 988 1252 usurpantur,
1024 1174 1281 1228 commemoratu
1319 1163 1418 1248 digna
1456 1164 1572 1230 habea.
1632 1165 1681 1230 Ut

235 1285 394 1329 summam
416 1267 517 1330 totius
540 1267 655 1351 eapitis
677 1265 824 1331 breviter
848 1265 1176 1352 comprehendamus,
1207 1266 1387 1332 verborum
1421 1289 1506 1352 quae
1538 1269 1679 1332 tractavi

235 1365 317 1432 duas
339 1369 543 1451 potissimum
566 1376 677 1452 partes
700 1367 909 1435 distineamus
931 1391 1066 1434 necesse
1090 1380 1149 1434 est.
1193 1369 1245 1432 Ac
1276 1371 1368 1456 prior
1398 1369 1530 1454 quidem
1565 1391 1682 1434 eorum

235 1479 284 1534 est
305 1471 480 1544 nominum,
503 1469 622 1556 quibus
644 1471 816 1554 tragoedia
838 1471 992 1536 utebatur
1010 1471 1157 1536 homines
1171 1470 1365 1553 intellegens
1381 1493 1540 1557 personas
1554 1493 1677 1556 genere

233 1571 447 1656 indistinctas,
471 1593 555 1658 quae
578 1583 636 1637 aut
658 1575 830 1659 utriusque
851 1575 981 1658 generis
1004 1574 1189 1639 communia
1211 1582 1305 1638 erant
1320 1584 1378 1639 aut
1394 1574 1531 1640 articulo
1548 1581 1680 1639 tanturn

234 1675 528 1760 distinguebantur,
549 1675 643 1742 velut
663 1679 785 1754 τέκνον,
806 1679 903 1755 τέκος,
925 1681 1010 1756 παῖς,
1031 1671 1134 1753 γόνος,
1157 1665 1303 1756 ὅμαιμος,
1331 1676 1404 1742 aba.
1449 1676 1578 1741 Horum
1602 1699 1677 1742 ver·

233 1775 351 1842 borum
373 1778 543 1842 comoedia
565 1778 728 1843 neutralia
748 1779 807 1844 illa
829 1801 964 1865 prorsus
986 1778 1055 1842 fere
1078 1779 1245 1855 reiciebat,
1276 1800 1350 1842 curn
1379 1787 1489 1844 tamen
1512 1778 1677 1845 excoleret

234 1878 447 1961 deminutiva,
472 1889 584 1946 cetera
606 1882 703 1948 certis
726 1881 923 1968 quibusdam
945 1881 1133 1946 notionibus
1162 1880 1374 1947 attribuebat.
1418 1882 1534 1948 Altera
1564 1889 1675 1946 autem

233 2002 311 2066 pars
333 1981 513 2048 verborum
536 2005 576 2048 ea
598 1995 659 2066 est,
681 1984 739 2050 ubi
761 2006 821 2071 pro
844 1983 1030 2048 nominibus
1052 1993 1141 2048 certo
1171 2004 1292 2066 genere
1322 1981 1466 2066 alligatis
1490 1985 1678 2049 communia

233 2095 366 2170 praesto
388 2108 453 2151 non
477 2096 579 2170 erant,
601 2087 693 2152 velut
714 2108 775 2173 pro
809 2081 927 2169 πατήρ,
958 2085 1075 2172 μήτηρ,
1109 2082 1187 2165 οἰός,
1223 2080 1378 2168 θυγάτηρ.
1434 2085 1528 2152 Haeo
1565 2096 1677 2152 autem

233 2189 386 2272 vulgaria
409 2213 429 2254 a
452 2191 624 2274 tragoedia
646 2191 763 2272 causis,
798 2212 882 2275 quae
914 2191 1042 2254 inerant
1077 2190 1110 2253 in
1145 2198 1337 2272 argumento
1373 2197 1405 2253 et
1436 2189 1676 2269 consiliosius,

233 2292 502 2378 repudiabantur,
526 2295 573 2358 ita
594 2293 737 2379 quidem,
766 2304 802 2356 ut
829 2295 862 2357 in
899 2314 1011 2357 eorum
1045 2291 1154 2356 locum
1188 2290 1464 2356 substituerentur
1496 2297 1551 2357 au't
1571 2291 1630 2356 illa
1654 2315 1674 2356 a

234 2394 407 2460 comoedia
439 2395 554 2462 eadem
580 2407 750 2483 usurpata,
781 2397 845 2461 alia
874 2405 985 2459 tamen
1013 2397 1048 2460 vi
1076 2394 1237 2480 praedita,
1273 2393 1365 2458 velut
1399 2390 1532 2476 ysoardo,
1566 2395 1678 2476 γραῦς,

232 2501 407 2578 παρθένος,
429 2497 521 2583 κόρη,
543 2502 676 2582 νεανίας,
701 2507 758 2564 aut
781 2501 875 2584 epioe
896 2498 951 2562 vel
974 2497 1090 2583 lyrica,
1113 2507 1150 2562 ut
1171 2502 1286 2574 οοκεῐς,
1308 2502 1422 2578 γονεῖς,
1452 2504 1509 2560 aut
1532 2494 1673 2580 denique

234 2600 276 2665 ab
299 2602 370 2686 ipsa
393 2602 564 2685 tragoedia
588 2601 739 2683 formata,
763 2599 836 2665 dioo
862 2595 1009 2679 drausio,
1039 2593 1059 2682 ἡ
1087 2598 1235 2674 τεκοῦσα,
1263 2593 1283 2660 o‘
1311 2593 1424 2681 φύσας,
1456 2593 1476 2661 o‘
1504 2593 1680 2680 φονεύσας,

234 2703 308 2769 alia.
353 2702 468 2768 Sermo
491 2713 606 2768 contra
629 2703 812 2769 cotidianus
834 2712 948 2768 vetera
970 2703 1101 2766 nomina
1126 2724 1145 2765 a
1167 2701 1346 2766 maioribus
1373 2701 1496 2766 tradita
1510 2700 1675 2766 retinebat

235 2827 411 2890 eorumque
433 2808 499 2870 vim
523 2806 739 2892 principalem
762 2805 973 2892 sequebatur,
988 2814 1029 2868 ‘et
1050 2814 1086 2870 ut
1108 2802 1151 2868 ad
1183 2826 1282 2868 unam
1314 2824 1478 2889 quamque
1506 2806 1677 2868 notionem

233 2929 334 2972 unum
356 2919 482 2972 tantum
504 2931 623 2974 nomen
646 2907 948 2993 respondebatur
971 2928 1045 2971 cum
1067 2905 1129 2972 hoc
1162 2907 1291 2971 nomine
1329 2904 1588 2990 coniungebatur
1608 2927 1675 2970 una

234 3011 367 3096 quidem
390 3013 489 3094 notio,
512 3010 649 3076 sedilia
672 3009 792 3075 clarior
814 3021 848 3075 et
871 3011 1013 3075 omnium
1036 3009 1213 3076 intellectui
1235 3008 1340 3090 magis
1362 3008 1545 3094 perspicua.
