3796 5518
773 443 984 510 ..35-

158 635 292 700 vocavit
325 627 484 714 ναυβάτας
513 631 586 713 348,
623 632 788 696 ministros
831 631 905 714 356,
940 641 973 697 et
1006 631 1123 697 chorus
1158 633 1228 717 ipse
1265 633 1423 697 minorem
1456 655 1491 697 se
1527 653 1599 698 esse

160 737 246 802 dixit
284 734 391 817 15415,
427 732 491 799 368
529 731 667 826 aliisque
702 733 794 814 locis,
827 737 874 798 ita
917 745 955 800 ut
1003 729 1190 818 σονναιὶταν,
1236 756 1301 821 quo
1348 735 1511 801 vocabulo
1547 736 1600 801 hie

160 838 291 903 domino
315 859 373 902 suo
396 859 432 902 se
455 837 694 922 aequiperaret,
714 837 818 922 ipsius
841 836 933 903 chori
956 839 1066 902 sensui
1088 858 1152 902 non
1175 839 1352 902 convenire
1374 839 1445 903 iure
1469 849 1599 902 conten·

163 942 244 1006 dere
267 940 344 1004 mihi
366 938 491 1004 videar.
536 939 718 1004 Lenissima
739 948 849 1004 antem
871 943 1050 1005 mutatione
1072 941 1210 1005 restituo
1234 933 1292 1002 σὸν
1311 935 1436 1023 ναύταν,
1460 961 1601 1027 quocum

162 1044 312 1111 conferas
345 1053 478 1130 praeter
515 1064 555 1106 ea
591 1063 677 1127 quae
713 1041 807 1106 attuli
840 1065 973 1108 versum
1008 1044 1108 1107 etiam
1137 1043 1213 1108 Hel.
1258 1044 1351 1118 1070,
1382 1042 1440 1108 ubi
1473 1042 1602 1107 Helena

161 1147 279 1211 marite
303 1145 382 1209 dicit
405 1142 443 1207 σὲ
463 1143 515 1206 καὶ
536 1151 689 1224 παρεῖναι
710 1144 765 1206 δεῖ
781 1140 924 1223 μάλιστα
943 1141 1016 1217 τούς
1036 1165 1072 1208 τε
1095 1141 1169 1214 σούς
1190 1143 1368 1229 πλωτῆρας.

268 1248 384 1314 Restat
396 1247 549 1332 denique,
561 1255 597 1310 ut
613 1256 762 1311 extrema
776 1247 838 1312 hae
855 1251 962 1333 prima
977 1249 1094 1330 eapitis
1109 1255 1204 1334 parte
1221 1247 1377 1312 nonnulla
1393 1247 1545 1313 dieantur
1561 1245 1602 1312 de
1697 1265 1700 1286 ¹

163 1354 277 1418 formis
309 1349 477 1437 parallelis
507 1351 541 1414 in
573 1370 639 1430 τωρ
671 1370 730 1433 τηρ
753 1369 810 1434 της
832 1350 874 1414 ab
902 1371 968 1415 una
989 1353 1090 1436 stirpe
1114 1351 1271 1416 derivatis
1281 1352 1316 1432 ¹),
1348 1349 1466 1436 quibus
1501 1352 1605 1435 magis

164 1462 392 1538 cognoscatur,
415 1461 619 1538 quantopere
642 1474 681 1516 ea
703 1453 821 1517 suffixa
843 1451 933 1517 eliud
956 1452 1102 1537 proelio
1126 1463 1183 1516 aut
1205 1464 1363 1537 usurpata
1393 1460 1450 1516 aut
1480 1454 1606 1518 reiecta

166 1559 237 1623 sint.
283 1552 441 1620 Omittam
471 1565 579 1620 antem
610 1577 649 1618 ea
680 1557 870 1639 composita,
893 1577 978 1640 quae
1002 1557 1035 1619 in
1063 1575 1119 1638 της
1142 1555 1282 1620 formata
1307 1577 1328 1619 a
1350 1554 1551 1641 simplicibus
1572 1558 1606 1619 in

164 1681 224 1744 τηρ
246 1659 442 1723 exeuntibus
464 1680 564 1742 supra
587 1659 649 1722 iam
669 1680 701 1744 p.
727 1659 767 1723 79
790 1658 896 1723 attuli.

273 1759 382 1847 Apud·
411 1758 615 1844 Aeschylum
651 1758 780 1845 quidem
814 1760 975 1844 plurimae
1005 1761 1185 1825 formarum
1214 1763 1449 1847 parallelamm
1480 1761 1608 1827 suntin

165 1884 230 1945 τωρ
272 1875 306 1930 et
341 1886 409 1948 τηρ.
468 1855 615 1942 Ἵκτορας
650 1863 705 1930 Su.
742 1864 804 1928 661
849 1862 974 1948 ἱκτῆρος
1003 1864 1058 1930 Su.
1094 1865 1169 1946 488,
1214 1865 1417 1947 παιδολέτωρ
1460 1864 1516 1929 Se.
1547 1864 1610 1929 713

168 1960 411 2047 ἀνδρολέτειραν
432 1965 484 2030 Se.
509 1966 582 2046 301,
611 1962 787 2050 μνήστορες
817 1966 870 2034 Se.
904 1968 964 2032 164
992 1968 1175 2052 μνηστῆρος
1198 1967 1251 2032 Pr.
1276 1970 1348 2049 766,
1377 1963 1612 2049 δυσευνάτορας

169 2070 223 2136 Se.
247 2070 311 2135 280
333 2062 520 2149 εὐνάτειραν
542 2067 595 2133 Pr.
618 2070 692 2150 924,
721 2069 887 2144 δαίκτορος
908 2069 962 2134 Su.
986 2070 1050 2135 806
1077 2065 1209 2153 δαικτῆρ
1233 2071 1285 2136 Se.
1309 2074 1383 2153 900,
1413 2065 1613 2152 ἀσπίστορας

171 2175 234 2258 Ag.
268 2174 333 2237 413
369 2162 553 2256 α’σπιστῆρα
585 2169 639 2237 Su.
676 2172 747 2254 188,
784 2174 994 2252 μαστίκτορος
1027 2172 1088 2238 Eu.
1120 2173 1180 2236 159
1220 2176 1421 2257 μαστικτῆρα
1453 2173 1508 2238 Su.
1537 2175 1611 2240 475.

171 2274 352 2340 Parallelas
382 2285 492 2339 autem
521 2274 732 2340 formationes
760 2277 793 2338 in
824 2296 882 2358 τηρ
909 2284 940 2338 et
966 2295 1022 2357 της
1043 2274 1101 2339 has
1124 2274 1281 2356 legimus:
1312 2271 1534 2360 τενχηστῆρων
1556 2275 1612 2340 Pe.

168 2380 234 2444 904
266 2372 442 2461 τεοχηστῆν
477 2375 530 2443 Se.
562 2377 634 2458 631,
670 2377 875 2462 6ρηνητῆρος
899 2377 964 2442 Pe.
995 2377 1058 2442 940
1090 2376 1255 2461 θρηνητοῦ
1285 2378 1347 2463 Ag.
1377 2380 1469 2444 1059.
1512 2378 1613 2465 Apud

174 2480 374 2567 Sophoclem
410 2481 530 2564 prioris
566 2480 654 2544 illius
691 2482 821 2564 generis
857 2479 1015 2544 habemus
1051 2489 1179 2545 tantum
1216 2477 1366 2563 οἰκήτορα
1398 2481 1451 2548 Ai.
1485 2480 1549 2546 396
1583 2489 1616 2545 et

173 2580 325 2669 οἰκητῆρα
354 2579 422 2647 00.
452 2583 533 2664 627,
568 2592 600 2646 et
629 2602 688 2665 τηρ
718 2590 750 2644 et
779 2602 836 2665 της
864 2584 896 2644 in
919 2581 969 2646 his
992 2581 1146 2667 leguntur
1169 2583 1344 2668 exemplis:
1368 2577 1524 2668 ῆγητῆρος
1545 2580 1615 2648 ΟΟ.

176 2685 256 2751 1521
281 2679 455 2769 ν’φηγητῶν
483 2682 553 2751 OT.
577 2685 650 2765 966,
679 2679 831 2767 οἰκητῆρα
853 2682 922 2750 00.
948 2685 1020 2761 627,
1049 2681 1175 2768 οἰκητοῦ
1200 2683 1270 2752 OT.
1299 2687 1391 2768 1450,
1419 2679 1618 2766 ἀσπιστῆρες

174 2787 227 2856 Ai.
252 2789 317 2854 565
339 2782 551 2860 ξυνασπιστάς
574 2784 642 2852 ΟΟ.
666 2787 738 2852 379.
784 2785 964 2873 Euripidea
986 2798 1096 2852 autem
1119 2788 1200 2852 haee
1216 2800 1312 2855 sunt:
1335 2783 1458 2873 ἇγῆτωρ
1473 2788 1538 2852 Me.
1554 2787 1617 2852 426

175 2891 385 2975 προηγητῆρα
407 2890 464 2955 Βο.
491 2891 582 2972 1159,
605 2889 798 2970 παιδολετορ
821 2890 885 2955 Με.
911 2891 1003 2972 1393,
1026 2889 1270 2971 παιδολέτειραν
1292 2892 1357 2958 Me.
1381 2892 1453 2962 849.
1483 2894 1618 2970 γενέτωρ

175 2995 222 3061 Ιο.
243 2993 305 3058 136
329 2996 541 3074 σογγενέτειρα
562 2992 612 3059 ΕΙ.
626 2993 706 3074 746;
730 2992 865 3057 alterius
886 2994 1016 3078 generis
1037 2992 1119 3058 haee
1135 2992 1304 3076 leguntur:
1327 2993 1521 3077 κομιστῆρας
1535 2993 1617 3058 Hec·

173 3097 237 3162 222
258 3091 413 3179 κομιστῆν
434 3096 497 3160 An.
523 3096 616 3168 1268,
638 3087 834 3180 ἀσπιστῆρες
857 3095 936 3162 Her.
960 3097 1022 3162 277
1044 3090 1205 3165 ἀσπιστάς
1225 3095 1276 3161 ΕΙ.
1299 3098 1373 3178 444,
1388 3089 1619 3179 ὀλβοδότειραν

175 3200 234 3266 Ba.
257 3201 321 3266 419
344 3196 513 3279 προδόταν
534 3197 600 3265 Me.
623 3199 696 3279 206,
721 3202 941 3280 σνγγενέτειρα
963 3198 1013 3264 ul.
1039 3199 1100 3263 746
1123 3198 1262 3278 γενέταις
1285 3198 1333 3266 Io.
1357 3199 1449 3264 1130.

285 3302 486 3368 Monendum
511 3313 619 3365 autem
651 3309 699 3365 est
729 3300 955 3385 exemplorum
986 3300 1114 3386 singula
1144 3309 1271 3366 tantum
1301 3300 1436 3367 laudata
1464 3325 1547 3384 esse,
1575 3303 1621 3367 ita

176 3418 212 3471 ut
235 3407 281 3470 eis
306 3427 390 3492 quae
421 3403 518 3469 attuli
546 3402 704 3488 colligere
734 3403 814 3469 nihil
835 3401 935 3468 liceat
963 3404 1004 3468 de
1034 3405 1192 3489 temporis
1221 3404 1343 3486 ordine,
1374 3427 1440 3490 quo
1471 3407 1535 3470 tria
1563 3404 1622 3471 illa

175 3510 341 3572 nominum
363 3529 487 3591 genera
510 3508 649 3570 maxime
673 3514 830 3592 usurpata
853 3513 937 3571 snut.
982 3506 1035 3570 De
1071 3526 1109 3569 eo
1137 3507 1223 3570 enim
1259 3507 1358 3570 statui
1393 3506 1472 3572 nihil
1502 3512 1621 3592 potest.

177 3609 276 3690 Quod
299 3620 408 3675 autem
429 3610 558 3675 omnino
581 3609 706 3674 formae
729 3607 910 3695 parallelae
934 3631 1005 3673 esse
1029 3617 1191 3696 poterant,
1216 3632 1253 3673 ea
1277 3631 1313 3674 re
1332 3610 1473 3674 maxime
1490 3610 1623 3675 demon·

179 3721 313 3795 stratur,
338 3734 436 3799 quam
458 3707 557 3800 plane
580 3713 709 3778 illorum
734 3712 928 3777 suffixorum
952 3711 1043 3776 aliud
1067 3710 1151 3775 alius
1166 3711 1275 3777 locum
1291 3734 1454 3800 occupare
1470 3715 1624 3798 potuerit.

180 3815 320 3882 Monere
343 3838 407 3880 non
431 3818 595 3882 omiserim
618 3815 782 3899 legentem
804 3815 979 3900 pauciores
996 3837 1067 3879 esse
1090 3815 1213 3880 formas
1246 3814 1426 3902 parallelas
1456 3817 1488 3878 in
1511 3835 1569 3899 τηρ
1594 3823 1625 3880 et

178 3939 234 4002 της
263 3919 353 4005 apud
375 3917 577 4003 Aeschylum
601 3940 700 4004 quam
721 3917 796 3982 illas
818 3919 849 3981 in
872 3939 938 3998 τωρ
962 3927 993 3982 ct
1017 3938 1088 4001 τηρ,
1119 3917 1207 4004 apud
1231 3918 1429 4004 Sophoclem
1460 3925 1626 3982 autemst

180 4021 375 4107 Euripidem
397 4020 519 4106 plures,
541 4044 606 4108 qua
627 4043 674 4103 re,
703 4029 735 4085 et
767 4030 924 4106 quantum
955 4019 1108 4088 differant
1138 4020 1262 4105 origine
1283 4040 1340 4104 της
1363 4030 1395 4086 et
1416 4040 1481 4099 τωρ
1503 4037 1572 4102 τηρ,
1594 4027 1626 4084 et

181 4137 338 4210 quantum
364 4145 461 4189 eursu
484 4124 640 4210 temporis
662 4122 746 4188 illud
768 4122 811 4187 ad
833 4122 915 4188 haec
937 4125 1123 4206 accesserit,
1146 4125 1365 4208 cognoscitur.

289 4225 364 4292 Non
386 4225 501 4291 inutile
532 4229 593 4290 erit
627 4226 689 4291 hoe
727 4224 800 4290 loeo
836 4226 984 4290 breviter
1018 4226 1178 4308 conferre,
1213 4247 1299 4310 quae
1327 4225 1411 4289 ratio
1443 4223 1628 4289 intercedat

181 4331 267 4394 inter
289 4329 498 4394 formationes
521 4327 657 4394 Homeri
679 4338 711 4393 et
732 4330 952 4415 posteriorum
973 4329 1180 4414 scriptorum.
1225 4327 1327 4413 Apud
1348 4326 1442 4391 illum
1465 4327 1551 4390 enim
1574 4348 1628 4391 res

182 4436 229 4498 ita
251 4455 286 4498 se
309 4431 419 4514 habet,
440 4432 528 4518 quod
552 4430 689 4518 D’Ooge
712 4431 732 4498 l.
757 4431 778 4498 l.
802 4454 834 4518 p.
860 4432 897 4497 17
923 4432 1084 4516 exposuit,
1105 4437 1142 4494 ut
1158 4442 1285 4514 septem
1301 4429 1365 4493 sint
1387 4430 1528 4510 nomina,
1544 4448 1630 4514 qnae

183 4537 246 4600 tria
269 4537 377 4601 omnia
400 4534 611 4600 assumebant
627 4534 757 4601 suffixa.
802 4534 832 4599 E
856 4533 975 4599 ceteris
997 4555 1063 4598 uno
1085 4542 1118 4597 et
1141 4533 1379 4620 quinquaginta
1402 4530 1573 4596 vocabulis
1597 4531 1630 4594 iu

183 4659 248 4721 τωρ
270 4658 329 4723 τηρ
351 4639 468 4724 viginti
490 4660 549 4702 sex
568 4637 656 4724 apud
680 4639 878 4723 posteriores
901 4639 934 4701 in
955 4655 1012 4720 της
1034 4647 1166 4704 exeunt.
1210 4633 1408 4716 Duodecim,
1431 4654 1517 4719 quae
1541 4630 1631 4718 apud

292 4863 312 4928 ¹]
332 4860 376 4916 Of.
395 4861 531 4915 Kuehner
548 4861 567 4914 l.
585 4859 604 4915 1.
622 4858 637 4913 Ι
655 4859 680 4930 2,
698 4858 785 4929 27011.
