3796 5518
849 425 1059 490 ..30-

235 611 290 675 ille
313 612 429 677 socius.
473 609 524 674 Ne
548 611 581 673 in
605 613 793 674 accusativo
818 609 948 695 quidem
973 604 1180 681 ὀπισθόπους
1203 612 1416 692 offendemus,
1453 617 1480 679 si
1504 638 1673 702 compara-

228 716 380 778 ·verimus
405 712 656 777 declinationem
688 715 826 778 nominis
861 709 1028 792 Οἰδίπους,
1059 715 1198 779 aliorum
1208 717 1242 790 ¹).
1288 713 1386 795 Quod
1420 725 1527 781 autem
1559 741 1673 783 secun-

227 817 313 881 dum
337 817 501 880 obiectum
524 809 760 895 (ὀπισθόπους)
785 817 970 881 adnectitur
998 817 1162 901 particula
1184 838 1230 892 τε,
1259 819 1391 884 tertium
1419 822 1582 904 particula
1611 824 1674 902 καί,

234 917 413 1004 respondet
436 917 478 982 ad
500 940 594 982 usum
618 916 707 1002 apud
731 918 930 1003 Aeschylum
954 941 1018 982 non
1039 941 1159 1000 rarum,
1182 920 1223 984 cf.
1247 920 1310 1004 Ag.
1333 921 1406 1002 339,
1429 923 1536 1000 414²).

343 1017 409 1085 Pro
434 1021 536 1084 servis
559 1021 659 1103 igitur
681 1020 766 1084 huno
789 1020 951 1106 pluralem
973 1025 1004 1084 in
1028 1044 1089 1086 usu
1113 1043 1177 1086 non
1200 1023 1298 1086 fuisse
1323 1023 1471 1092 vidimus.
1507 1026 1672 1091 Nonnum-

240 1145 336 1208 quam
366 1133 472 1186 tamen
503 1124 686 1187 invenimus
720 1124 753 1186 in
784 1125 928 1188 oratione
961 1145 1091 1188 servum
1121 1125 1227 1208 ipsum
1258 1125 1298 1188 dc
1322 1148 1356 1190 se
1379 1126 1550 1213 pluraliter
1572 1128 1673 1214 loqui,

235 1227 299 1289 etsi
330 1247 423 1290 rarus
454 1227 480 1289 is
511 1248 589 1290 usus
622 1235 679 1306 est,
709 1225 799 1289 velut
829 1225 927 1311 Soph.
952 1225 1002 1292 El.
1028 1227 1099 1308 772,
1122 1226 1186 1291 Me.
1212 1226 1261 1308 78,
1284 1227 1358 1292 Hel.
1391 1215 1474 1296 1640
1493 1222 1529 1290 ού
1550 1231 1675 1300 κτενεῖς

238 1324 329 1412 ἡμῶν
351 1327 499 1410 ἑκόντων,
522 1320 590 1390 ἀλλ’
613 1320 673 1410 ἔμ’,
696 1327 762 1410 ubi,
792 1348 990 1414 quamquam
1012 1329 1166 1394 mulieres
1189 1341 1271 1411 sunt,
1294 1330 1412 1395 chorus
1434 1333 1475 1396 de
1499 1355 1533 1396 se
1555 1334 1677 1417 plurali

232 1433 419 1496 masculino
442 1433 544 1496 utitur
577 1441 632 1496 aut
661 1431 748 1517 quod
773 1425 791 1492 ό
813 1426 910 1512 χορός
940 1433 1084 1516 loquitur
1114 1441 1170 1496 aut
1192 1433 1319 1514 melius,
1350 1435 1437 1518 quod
1461 1458 1526 1499 una
1548 1444 1675 1501 tantum

237 1532 319 1598 haec
334 1535 439 1598 verba
453 1535 543 1615 facit,
565 1542 601 1599 ut
624 1533 708 1619 apud
726 1533 844 1597 Aesch.
861 1533 916 1598 Su.
933 1536 997 1598 210
1018 1529 1131 1614 πάτερ,
1154 1531 1355 1613 φρονούντως
1376 1533 1458 1617 πρὸς
1477 1539 1676 1618 φρονοῦντας

230 1631 379 1704 «ἐννέπεις
401 1637 548 1720 legimus.

346 1738 432 1802 Huic
454 1737 575 1823 plurali
595 1739 783 1818 maiestatis,
808 1760 904 1823 quem
928 1740 1110 1821 statuimus,
1131 1739 1164 1804 id
1189 1761 1319 1825 quoque
1333 1762 1398 1804 uon
1414 1740 1499 1805 male
1516 1745 1676 1826 congruit,

240 1841 328 1925 quod
359 1863 397 1904 ea
426 1844 566 1924 nomina,
601 1840 718 1927 quibus
742 1841 834 1924 signa
859 1839 1086 1906 dominationis
1109 1842 1285 1921 significari
1308 1842 1421 1923 solent,
1453 1845 1526 1908 dieo
1548 1840 1675 1927 θρόνος,

232 1942 412 2025 σκῆπτρον,
435 1944 557 2024 κράτος,
580 1943 775 2030 plerumque
797 1944 969 2030 pluraliter
991 1945 1145 2028 leguntur
1168 1945 1257 2029 apud
1280 1947 1424 2029 tragicos
1447 1961 1573 2030 poetas.

345 2044 485 2110 Nomina
516 2069 601 2132 quae
632 2049 886 2132 propinquitatis
917 2047 1039 2130 gradus
1072 2045 1267 2131 significant,
1297 2069 1315 2108 a
1346 2049 1464 2132 quibus
1495 2050 1674 2114 tractandis

239 2157 305 2212 tota
341 2150 498 2232 originem
537 2149 630 2213 duxit
660 2147 741 2214 haec
771 2151 1011 2231 commentatio,
1041 2171 1175 2213 numero
1206 2158 1330 2211 mutato
1355 2151 1395 2212 ab
1419 2150 1587 2235 Aeschylo
1611 2175 1676 2216 non

239 2250 483 2335 usurpabantur
514 2254 575 2315 nisi
606 2275 653 2333 ea,
685 2275 769 2336 quae
793 2275 853 2337 pro
875 2254 1067 2337 parentibus
1090 2253 1252 2316 dicuntur.
1297 2253 1424 2316 Eodem
1447 2253 1543 2318 modo
1567 2277 1619 2318 res
1643 2277 1677 2318 se

240 2352 340 2418 habet
357 2354 445 2439 apud
464 2353 671 2440 Sophoclem,
696 2359 762 2441 qui,
779 2359 805 2418 si
822 2355 891 2420 OT.
910 2357 992 2420 1250
1013 2350 1046 2425 ἒξ
1065 2345 1183 2434 ἀνδρὸς
1205 2348 1306 2436 ἄνδρα
1327 2355 1378 2416 καὶ
1399 2351 1480 2418 τέκν’
1505 2350 1540 2418 ἐκ
1562 2361 1678 2418 τέκνων

238 2459 324 2517 τέκοι
353 2457 515 2541 pluralem
544 2481 604 2543 pro
636 2465 746 2531 τέκνου
779 2461 961 2543 usurpavit,
990 2459 1052 2523 hoc
1081 2459 1246 2538 sutfecit,
1276 2467 1312 2521 ut
1342 2461 1500 2522 enuntiati
1530 2458 1678 2523 membra

239 2559 389 2646 pleniora
411 2561 566 2625 redderet
589 2573 620 2625 et
643 2565 728 2626 inter
759 2585 793 2626 se
810 2572 979 2648 aequaret,
999 2562 1150 2626 conferas
1166 2582 1281 2625 versus
1301 2561 1415 2641 moult
1433 2583 1533 2647 supra
1550 2561 1677 2643 allatos,

241 2671 297 2727 aut
313 2662 480 2748 Euripidis
503 2665 536 2728 in
558 2664 620 2728 hoc
643 2687 704 2729 usu
727 2665 914 2729 libertatem
937 2676 1068 2729 secutus
1091 2675 1148 2730 est.
1195 2664 1258 2728 Hic
1283 2664 1369 2726 enim
1391 2667 1484 2724 τέκνα
1506 2663 1677 2746 pluralem,

233 2788 314 2830 cum
344 2767 474 2850 passive
516 2769 609 2851 quasi
640 2771 810 2846 τετυγμένα
838 2766 1044 2851 intellegeret
1074 2767 1129 2848 (cf.
1154 2767 1265 2851 supra)
1296 2774 1329 2830 et
1358 2766 1420 2829 hoc
1451 2769 1543 2850 quasi
1572 2767 1678 2830 neutri

233 2870 371 2952 ,generis
401 2867 608 2949 adiectivum,
638 2880 674 2931 ut
704 2868 810 2949 alia³)‚
840 2869 1013 2955 pluraliter
1043 2880 1224 2954 usurparet,
1254 2891 1318 2932 non
1355 2890 1430 2932 raro
1460 2870 1588 2954 s‘cripsit
1618 2891 1678 2954 pro

236 2975 362 3052 τέκνον,
396 2971 478 3036 Hec.
510 2971 583 3053 340,
617 2973 688 3052 750,
723 2971 774 3035 El.
804 2973 856 3052 45,
891 2972 970 3037 Her.
1000 2972 1073 3053 492,
1097 2973 1154 3036 ΙΑ.
1178 2972 1251 3050 396,
1286 2972 1358 3054 403,
1400 2972 1492 3054 1254,
1526 2971 1582 3036 Tr.
1605 2970 1679 3050 392,

239 3075 304 3140 An.
321 3073 413 3156 1235,
430 3075 489 3140 Ph.
506 3075 578 3157 967,
593 3075 652 3138 ΙΑ.
671 3062 754 3138 1015
776 3071 885 3137 ἱκέτευ’
910 3069 1030 3136 ἐκεῖνον
1051 3073 1165 3153 πρῶτα
1184 3069 1229 3156 μὴ
1253 3072 1387 3136 κτείνειν
1409 3077 1511 3140 τέκνα.
1552 3073 1678 3137 Eodem

180 3199 182 3204 ·
237 3200 373 3264 quoque
407 3177 503 3241 modo
538 3177 752 3261 explicandus
786 3187 835 3241 est
864 3199 979 3241 versus
1013 3177 1067 3244 Hi.
1103 3180 1140 3241 11
1170 3172 1374 3256 Ἱππόλυτος,
1405 3170 1500 3255 όγνοό
1530 3177 1680 3245 Πιτθέως

240 3274 493 3362 παιδεύματα4),
515 3302 621 3365 neque
645 3279 741 3343 aliter
763 3303 797 3344 se
820 3280 920 3344 habet
941 3274 1118 3358 λοχεύματα
1140 3280 1187 3346 Io.
1211 3281 1283 3362 921,
1306 3280 1344 3344 fr.
1361 3280 1425 3344 360
1446 3301 1477 3344 v.
1493 3279 1544 3342 50.
1581 3277 1679 3340 Hunc

243 3383 396 3446 adiectivi
426 3405 520 3447 usum
551 3385 698 3467 sequitur
729 3385 828 3446 etiam
853 3383 940 3468 quod
963 3381 1101 3464 legimus
1125 3385 1187 3448 An.
1212 3383 1294 3446 1273
1316 3371 1340 3442 οδ
1364 3373 1482 3461 πότνι’,
1505 3370 1529 3442 ὦ
1553 3385 1681 3458 γενναῖα

240 3481 491 3568 συγκοιμήματα,
537 3486 577 3549 de
625 3485 762 3550 Thetide
809 3485 941 3550 dictum.
1003 3480 1245 3568 Μνηστεύματα
1282 3494 1400 3565 autem,
1445 3484 1533 3570 quod
1575 3491 1680 3546 exstat

239 3588 301 3653 Ph.
324 3588 388 3653 580
410 3574 434 3648 ui
456 3581 535 3649 κακὰ
555 3585 789 3670 μνηστεύματα,
812 3582 984 3667 Ἄδραστε,
1008 3589 1175 3669 προσθείς,
1198 3589 1399 3651 abstractum
1423 3587 1679 3670 intellegendum

235 3714 325 3772 esse,
348 3714 412 3756 non
436 3703 633 3772 concretum,
658 3691 746 3775 quod
768 3689 993 3775 lexicographi
1022 3691 1124 3753 nostri
1148 3691 1304 3771 iecerunt,
1329 3691 1414 3753 infra
1436 3689 1678 3754 demonstrabo

355 3793 519 3876 Analogia
549 3794 686 3880 pluralis
716 3799 809 3856 τέκνα
837 3795 959 3858 tactum
992 3815 1061 3856 esse
1090 3793 1281 3873 iudicamus,
1311 3803 1348 3854 ut
1376 3791 1491 3860 παῖδες
1519 3794 1616 3856 etiam
1638 3789 1679 3855 ab

242 3899 401 3983 Euripide
424 3919 484 3981 pro
509 3897 662 3981 singulari
687 3904 910 3981 usurparetur,
930 3895 1051 3960 ultimis
1074 3903 1182 3958 tamen
1204 3894 1418 3980 temporibus,
1439 3918 1472 3960 v.
1489 3917 1520 3957 v.
1537 3894 1596 3959 IA.
1616 3893 1679 3958 399

237 3999 341 4082 ,76905
368 3999 460 4078 1185,
483 4001 539 4084 qui
563 4023 581 4062 a
603 3998 789 4063 Wecklinio
814 4007 980 4062 correctus
1004 4007 1063 4078 est,
1086 4020 1157 4061 oum
1183 4018 1298 4060 versus
1321 3997 1376 4062 Tr.
1396 3997 1478 4062 1016
1494 3989 1518 4058 ὦ
1532 3993 1681 4094 θύγατερ,

244 4096 368 4176 ἔξελθ’·
409 4099 439 4164 οἱ
462 4091 492 4164 δ’
508 4098 579 4182 ἐμοὶ
600 4102 714 4170 παῖδες
736 4097 855 4179 γάμους
881 4096 994 4168 ἄλλους
1016 4100 1151 4180 γαμοῦσι
1174 4109 1207 4162 et
1229 4099 1292 4165 An.
1316 4099 1378 4164 659
1402 4102 1516 4161 τίκτειν
1539 4097 1681 4178 (Andro-

242 4206 392 4269 macham
416 4205 553 4284 scilicet)
578 4195 606 4266 δ’
630 4199 665 4265 ἐν
697 4202 793 4273 οἴκοις
822 4203 939 4272 παῖδας
968 4199 1137 4280 ἐχθίστους
1166 4196 1219 4285 ἐᾷς
1248 4202 1345 4266 aliam
1376 4202 1681 4286 interpretationem

237 4311 426 4375 admittant.
468 4308 533 4372 Hic
556 4329 633 4371 usus
656 4307 793 4393 pluralis
816 4306 931 4375 παῖδες
947 4304 987 4369 ab
1005 4328 1042 4370 eo
1060 4304 1307 4388 distinguendus
1321 4313 1379 4383 est,
1395 4305 1450 4388 qui
1463 4305 1682 4388 posteriorum

351 4499 372 4565 ¹)
392 4496 435 4551 Of.
455 4495 591 4549 Kuehner
610 4496 627 4554 l.
646 4496 664 4548 1.
683 4492 698 4545 Ι
717 4496 741 4561 1,
758 4493 817 4548 515.

352 4586 373 4647 ²)
393 4582 437 4637 Of.
456 4581 591 4634 Kuehner
609 4583 627 4636 l.
646 4582 664 4637 l.
683 4580 713 4634 II
731 4582 756 4650 2,
774 4581 833 4636 242.

352 4671 374 4744 ⁸)
393 4670 436 4726 Of.
455 4670 621 4722 Kummerer
639 4670 656 4722 l.
676 4670 693 4725 l.

320 4741 324 4750 ⁵
352 4762 376 4825 ⁴)
396 4757 565 4811 Plutarchus
585 4757 670 4813 Thes,
686 4758 703 4810 3
722 4756 782 4808 sine
800 4755 888 4808 dubio
906 4753 1066 4807 memoriter
1084 4750 1199 4821 scripsit
1217 4749 1233 4805 ὁ
1252 4742 1274 4800 δ’
1288 4742 1435 4826 Εὐριπίδης
1452 4741 1503 4800 τόν
1519 4742 1684 4798 Ἱππόλυτον

239 4841 335 4914 »ἁγνοῦ
355 4843 478 4909 Πιτθέως
492 4827 643 4912 παίδευμα
656 4838 816 4918 προσειπών.
