3796 5518
785 813 882 884 Pars
905 813 1042 884 Tertia.

304 969 418 1034 Tertia
451 975 512 1034 hac
545 978 639 1055 parte
676 968 870 1045 videbimus,
907 977 1018 1033 utrum
1055 972 1188 1036 nomina
1221 975 1346 1057 agentis
1379 995 1464 1061 quae
1494 977 1635 1039 tractavi

195 1072 367 1139 verbalem
389 1095 482 1138 suam
504 1083 653 1136 naturam
676 1073 879 1165 retinuerint,
894 1094 935 1135 an
952 1095 991 1136 ea
1008 1082 1126 1154 aetate,
1142 1074 1183 1138 de
1200 1097 1265 1161 qua
1278 1077 1414 1160 agimus,
1431 1077 1636 1141 substantiva

196 1178 261 1242 iam
284 1176 415 1259 fuerint,
447 1198 532 1261 quae
555 1197 625 1240 esse
648 1173 885 1260 posterioribus
907 1177 1130 1260 grammaticis
1152 1176 1359 1258 videbantur,
1390 1190 1422 1241 et
1446 1200 1529 1264 quae
1552 1181 1636 1244 ratio

196 1281 229 1345 in
251 1277 314 1343 hac
335 1279 408 1363 ipsa
430 1301 466 1343 re
487 1278 672 1342 intercedat
700 1279 783 1342 inter
806 1299 900 1342 usum
922 1281 1123 1363 tragicorum
1146 1288 1180 1344 et
1202 1282 1410 1346 comicorum.
1456 1282 1507 1345 Ac
1528 1281 1634 1368 primo

198 1380 330 1469 quidem
353 1381 426 1446 loco
451 1379 625 1466 disputabo
650 1379 690 1444 de
717 1381 772 1463 eis,
798 1401 884 1466 quae
906 1382 939 1444 in
961 1402 1027 1461 τωρ
1049 1381 1215 1446 finiuntur.

304 1503 383 1587 Ipsa
413 1501 647 1587 compositione
678 1501 757 1564 inita
797 1522 869 1563 curn
900 1500 1114 1582 substantivo,
1144 1503 1232 1588 quod
1256 1504 1345 1566 casui
1368 1503 1555 1568 accusativo
1577 1525 1639 1591 par

199 1613 258 1685 est,
287 1604 379 1670 velut
409 1603 610 1685 παιδολέτωρ
635 1602 685 1668 Se.
714 1603 788 1684 713,
809 1604 969 1689 probatur
998 1604 1080 1668 hacc
1102 1607 1233 1669 nomina
1256 1605 1347 1669 initio
1371 1605 1412 1668 ab
1437 1627 1498 1670 usu
1521 1614 1553 1668 et
1575 1608 1639 1688 sig·

199 1707 335 1772 nificatu
364 1707 529 1792 participii
562 1728 660 1791 quam
690 1708 839 1792 proxime
874 1707 1004 1774 afuisse.
1050 1707 1178 1794 Aperta
1209 1720 1318 1772 autem
1339 1707 1427 1770 illius
1450 1707 1639 1794 principalis

200 1817 383 1874 structurae
427 1809 538 1872 afferri
580 1813 716 1893 possunt
760 1808 913 1892 exempla
946 1808 1001 1874 Su.
1041 1809 1105 1874 316
1148 1808 1204 1871 καὶ
1240 1802 1324 1879 Zetis
1360 1805 1517 1892 ἐφάπτωρ
1555 1809 1639 1890 χειρὶ

200 1907 305 1996 φιτύει
333 1909 440 1992 γόνον,
463 1911 525 1994 Ag.
552 1910 634 1974 1075
670 1905 773 1989 δόμον
802 1954 810 1971 .
844 1958 851 1974 .
880 1907 1041 1990 μισόθεον
1067 1912 1129 1989 μέν
1151 1895 1217 1992 οὖν,
1240 1903 1346 1974 πολλά
1368 1906 1540 1994 συνίστορα
1561 1906 1640 1974 κατὰ

203 2010 376 2096 καρατόμα,
400 2013 486 2098 quod
512 2013 650 2077 alterum
673 2014 815 2078 restituit
837 2011 1152 2093 Wilamowitzius¹).
1184 2015 1236 2079 Ex
1258 2015 1320 2080 hoc
1343 2023 1451 2079 autem
1467 2016 1640 2102 participio

202 2115 290 2202 quod
313 2117 526 2202 cognovimus
547 2138 667 2180 nomen
689 2117 834 2180 nascitur
857 2116 1065 2187 adiectivum
1098 2116 1191 2181 velut
1211 2117 1281 2198 χεὶρ
1304 2112 1458 2197 πράκτωρ
1482 2117 1541 2201 Ag.
1568 2117 1641 2198 113,

203 2216 326 2287 σκοπὸς
348 2216 503 2300 πράκτωρ
527 2217 583 2286 Su.
600 2219 671 2284 655.
716 2220 929 2283 Adiectivum
952 2217 1093 2304 denique
1116 2220 1198 2284 abiit
1220 2223 1252 2285 in
1274 2221 1413 2285 formam
1436 2220 1642 2301 substantivi,

203 2322 292 2408 quod
322 2322 383 2386 sibi
411 2323 589 2409 adiungere
612 2323 812 2404 genetivum,
834 2321 926 2385 velut
949 2315 1055 2403 Ζηνὸς
1077 2319 1171 2402 ἵκτωρ
1196 2321 1251 2389 Su,
1273 2323 1346 2404 661,
1376 2317 1500 2404 άγήτωρ
1522 2321 1643 2400 μελέων

204 2426 270 2492 Με.
293 2425 357 2489 426
379 2427 437 2489 vix
461 2426 622 2510 estquod
645 2445 804 2489 moneam.

310 2545 449 2630 Insignis
474 2555 582 2610 autern
605 2555 637 2608 et
661 2544 832 2625 singularis
855 2563 970 2606 versus
995 2553 1043 2606 est
1066 2543 1122 2608 Pe.
1146 2544 1218 2619 925,
1242 2543 1297 2606 ubi
1320 2543 1459 2626 legimus

508 2647 548 2724 γᾶ
573 2637 709 2718 δἀἰάζει
729 2639 789 2706 τὰν
810 2639 934 2722 ἐγγαίαν

510 2737 589 2830 ἥβαν
611 2745 711 2830 Ξέρξᾳ
732 2752 891 2825 κταμέναν
907 2739 1023 2808 ‘Ardea

512 2844 645 2931 σάκτορι
668 2849 810 2929 Περσᾶν,

206 2973 280 3016 cum
303 2951 543 3017 substantivum
563 2947 685 3034 σάκτωρ
701 2960 898 3016 structuram
921 2953 1016 3016 verbi
1039 2947 1179 3032 (τάττειν
1203 2950 1272 3015 τινά
1297 2953 1391 3031 τινος)
1414 2952 1595 3032 retinuerit,
1619 2953 1646 3015 si

208 3053 304 3119 modo
347 3054 416 3118 sani
458 3055 488 3118 ei
529 3077 643 3119 versus
681 3054 845 3139 leguntur.
906 3055 996 3120 Haec
1033 3067 1141 3120 autem
1179 3055 1355 3121 difficultas
1393 3066 1428 3118 ut
1462 3054 1646 3136 tolleretur,

207 3157 381 3221 scholiasta
405 3159 573 3221 coniunxit
589 3156 692 3221 verba
709 3148 789 3241 ἥβαν
806 3155 948 3236 Περσᾶν.
994 3157 1061 3222 Sed
1085 3160 1264 3222 sententiae
1288 3179 1414 3222 summa
1436 3159 1467 3222 in
1485 3179 1522 3220 eo
1539 3159 1647 3240 posita

209 3270 266 3340 est,
288 3261 321 3323 ni
344 3259 450 3338 fallor,
475 3261 562 3344 quod
586 3260 717 3324 Xerxes
741 3258 860 3323 dicitur
882 3257 1005 3324 Orcum
1029 3282 1093 3324 non
1116 3270 1241 3324 tantum
1261 3260 1443 3341 refersisse,
1462 3259 1646 3344 —quodsi

208 3361 355 3425 hostibus
372 3361 510 3443 fecisset,
528 3364 684 3447 optimum
701 3373 787 3426 esset
808 3398 855 3438 -‚
873 3363 931 3426 ssd
947 3363 1013 3426 suis
1029 3364 1131 3449 ipsius
1155 3362 1263 3428 Persis
1285 3362 1465 3443 retorsisse,
1491 3385 1556 3447 qua
1579 3384 1648 3426 ere

209 3465 365 3550 sequitur,
389 3473 425 3528 ut
446 3463 551 3529 verba
565 3464 623 3528 illa
639 3462 919 3547 consacrilegum
934 3468 1080 3553 separari
1104 3468 1323 3551 nonpossint.
1354 3464 1525 3530 Habemus
1547 3467 1647 3549 igitur
1739 3535 1741 3540 ¹

209 3567 407 3650 singularem
424 3567 515 3631 illam
539 3570 814 3633 constructionem
838 3567 1026 3650 verborum,
1049 3570 1140 3633 ouius
1164 3568 1337 3633 difficultas
1360 3566 1430 3632 tolli
1454 3590 1517 3632 non
1540 3574 1649 3653 potest

210 3670 326 3734 deletis
345 3670 507 3735 nonnullis
527 3670 647 3748 verbis,
660 3681 697 3733 ut
716 3668 743 3736 e.
763 3692 793 3754 g.
817 3669 958 3734 Weilius
981 3671 1013 3734 in
1036 3672 1157 3734 maiore
1184 3670 1337 3753 editione,
1365 3693 1438 3734 cum
1463 3671 1649 3755 scripsisset

211 3767 331 3854 έγγαίφ,
356 3774 451 3837 eiecit
474 3770 577 3856 ,Ξέρξᾳ
593 3765 759 3844 ειἌιδον,
776 3794 882 3857 neque
905 3773 1022 3836 ceteris
1045 3773 1108 3837 illis
1132 3774 1336 3852 coniecturis,
1361 3795 1498 3857 quarum
1522 3774 1650 3858 copiam

212 3874 418 3939 Wecklinius
442 3875 483 3939 ad
513 3876 534 3940 l.
566 3875 707 3960 collegit.
753 3875 850 3956 Quod
877 3897 978 3940 unum
1008 3885 1134 3968 restare
1163 3876 1240 3940 mihi
1269 3874 1406 3956 videtur,
1436 3875 1498 3938 hoc
1527 3882 1586 3954 est,
1617 3884 1651 3938 ut

213 3986 270 4042 aut
283 3970 400 4042 Ἅιδου
416 3990 578 4044 mutemus
589 3981 621 4043 in
635 3968 751 4040 Ἅιδαν
766 3991 824 4042 aut
836 3982 989 4064 suppleto
1002 3974 1120 4059 δόμους
1136 3978 1191 4043 vel
1202 3979 1297 4043 simili
1308 3980 1439 4044 notione
1460 3977 1650 4060 genetivum

213 4080 442 4166 intellegamus
462 4081 612 4166 analogia
635 4083 704 4146 eius
728 4082 816 4168 quod
840 4091 889 4146 est
911 4073 1088 4164 a'v‘taeov,
1112 4081 1153 4148 al.

316 4200 386 4264 Iam
415 4213 523 4265 autem
548 4202 662 4268 relicto
677 4203 845 4287 Aeschylo
862 4211 1046 4267 ceterorum
1064 4225 1157 4266 usum
1179 4196 1365 4266 tractemus.
1410 4195 1509 4286 Apud
1526 4197 1649 4286 Sopho-

215 4302 300 4366 clem
315 4303 408 4366 verbi
430 4304 568 4386 vestigia
583 4306 792 4370 inveniuntur
807 4306 870 4370 An.
887 4305 950 4368 542
965 4289 1275 4386 ὦνποάργονἍιδης
1285 4299 1338 4378 χοί
1357 4299 1442 4364 κάτω
1458 4304 1651 4382 ξυνίστορες,

215 4405 274 4470 ubi
303 4406 502 4469 enuntiatum
536 4429 554 4469 e
583 4409 713 4471 nomine
744 4407 875 4492 pendet,
907 4417 939 4469 et
967 4406 1019 4472 El.
1048 4406 1111 4472 846
1141 4401 1242 4489 ἐφάνη
1271 4403 1413 4485 μελέτωρ
1436 4395 1521 4484 ἀμφὶ
1541 4399 1652 4465 τὸνέν

217 4509 334 4572 πένθει
350 4505 573 4590 (Αμφιάρεων
595 4509 674 4592 sol),
702 4510 760 4574 sed
789 4509 850 4574 hoc
872 4513 1036 4596 posterius
1060 4523 1126 4573 tam
1149 4519 1274 4574 certum
1297 4509 1483 4593 exemplum
1504 4528 1569 4570 non
1592 4516 1650 4570 est.

323 4742 345 4813 ¹)
365 4741 530 4812 Comparari
555 4749 650 4814 potest
671 4763 769 4800 versus
797 4746 847 4802 ch.
873 4747 907 4801 23
932 4739 1029 4810 ἰαλτὸς
1051 4744 1078 4798 ia
1103 4739 1197 4814 δόμων
1221 4743 1287 4810 ἔβαν
1307 4737 1381 4814 χοάς
1406 4739 1572 4822 προπομπός.
1608 4742 1652 4798 Of.

219 4829 431 4884 annotationem
449 4830 658 4902 Wilamowitzi,
678 4832 812 4887 Kuehner
832 4833 850 4886 l.
869 4833 887 4887 l.
902 4832 931 4886 11
951 4834 975 4901 1,
992 4833 1053 4888 296.
