3796 5518
851 415 1064 480 ..22-

529 599 564 666 οἳ
582 601 642 681 μὲν
663 597 721 684 γὰρ
745 595 828 683 όμφὶ
850 597 997 683 σώμασιν
1018 600 1227 674 πεπτωκότες
1306 611 1310 619 ’

530 701 657 786 ἀνδρῶν
679 700 876 789 κασιγνήτων
897 724 933 768 τε
954 705 1006 768 καὶ
1029 705 1215 786 φυταλμίων
1270 711 1281 734 ⁸

528 808 641 878 παῖδες
661 803 819 890 γερόντων
842 799 942 872 οὐκέτ’
966 803 1001 882 ἐξ
1022 805 1197 891 ἐλευθέρου

531 910 623 993 δέρης
645 901 866 988 ἀποιμώζουσι
888 908 1049 990 φιλτάτων
1070 906 1181 991 μόρον.

239 1017 273 1082 Is
296 1017 353 1101 qui
375 1037 470 1079 usum
493 1013 584 1077 illum
607 1011 757 1094 liberum,
780 1034 877 1099 quem
899 1036 986 1077 nunc
1009 1016 1135 1098 aperui,
1156 1015 1295 1100 ignorat,
1325 1015 1435 1080 facere
1466 1038 1530 1080 non
1561 1025 1685 1102 potest,

241 1119 319 1204 quin
342 1114 488 1182 offendat
509 1117 542 1180 in
564 1115 622 1179 illo
637 1115 809 1198 γερόντων,
834 1138 871 1180 ca
895 1115 1020 1180 scilicet
1045 1115 1085 1179 de
1109 1139 1216 1200 causa,
1239 1119 1327 1203 quod
1350 1111 1500 1184 intortio
1523 1119 1683 1183 enuntiati

241 1220 388 1284 membro
413 1219 527 1283 aetatis
551 1218 684 1305 quidam
706 1219 828 1303 gradus
851 1221 1100 1284 commemorari
1122 1221 1262 1302 videtur,
1305 1243 1377 1285 oum
1417 1234 1514 1287 antea
1543 1223 1682 1287 necessi·

241 1323 372 1389 tudines
395 1331 521 1386 tantum
545 1321 747 1405 significatae
771 1324 844 1386 sint.
889 1321 1011 1406 Agitur
1034 1334 1154 1404 autem,
1175 1333 1212 1387 ut
1233 1322 1296 1388 hoc
1320 1326 1456 1390 strictim
1491 1326 1608 1406 dicam,
1641 1323 1681 1388 de

242 1427 377 1506 maritis,
398 1425 568 1506 fratribus,
590 1425 734 1507 senibus,
756 1447 863 1510 neque
898 1435 988 1489 recte
1023 1423 1114 1489 locus
1148 1427 1253 1512 accipi
1286 1426 1364 1490 mihi
1396 1426 1528 1491 videtur
1560 1427 1632 1514 ita„
1648 1439 1684 1492 ut

242 1522 358 1610 ἄνδρες
381 1527 477 1593 divisi
501 1551 572 1592 esse
595 1529 628 1592 in
650 1527 772 1591 fratres
796 1539 827 1592 et
860 1550 954 1592 senes
988 1528 1150 1608 dicantur,
1187 1551 1261 1592 cum
1294 1525 1328 1589 οἳ
1347 1526 1405 1608 μὲν
1426 1530 1489 1594 338
1519 1550 1584 1593 non
1621 1532 1685 1592 sint

243 1631 425 1716 accipiendi
441 1630 538 1695 liberi
554 1631 781 1712 Troianorum,
804 1631 862 1695 sed
886 1652 998 1694 omnes
1015 1630 1159 1711 Troiani,
1184 1632 1239 1717 qui
1262 1630 1394 1717 quidem
1417 1653 1548 1717 pugnae
1572 1654 1684 1718 super·

158 1741 159 1744 ’
244 1735 337 1798 stitcs
359 1734 501 1798 fuerunt.
544 1733 595 1798 Ea
617 1735 718 1818 igitur
741 1734 781 1799 de
806 1755 914 1816 causa,
939 1755 1036 1818 quam
1067 1734 1165 1798 modo
1196 1736 1344 1819 exposui,
1367 1735 1576 1800 Hermannus
1599 1733 1641 1798 ad
1663 1734 1683 1799 l.

244 1837 401 1901 mutando
425 1837 534 1901 effecit
555 1835 723 1918 τεκόντων,
747 1837 834 1922 quod
858 1837 983 1900 maiore
1006 1838 1077 1900 iure
1100 1837 1210 1902 facere
1231 1837 1294 1900 sibi
1315 1835 1499 1918 videbatur,
1523 1860 1596 1902 cum
1620 1861 1687 1906 eos,

246 1960 327 2024 quos
362 1940 464 2003 ceteri
497 1939 781 2024 amplecterentur,
820 1940 850 2002 in
884 1938 967 2001 urbe
1000 1937 1208 2005 defendenda
1239 1960 1350 2004 caesos
1388 1961 1458 2003 csse
1491 1948 1623 2027 putaret
1653 1949 1686 2004 et

246 2041 435 2105 defensores
458 2064 529 2106 esre
548 2063 641 2105 senes
664 2051 808 2124 negaret.
853 2039 919 2105 Sed
953 2062 1012 2104 cur
1045 2063 1139 2105 senes
1173 2063 1233 2126 pro
1270 2041 1363 2106 urbis
1392 2041 1498 2106 salute
1521 2064 1685 2129 pugnasse

246 2164 310 2207 non
335 2147 514 2228 putemus?
566 2142 615 2209 Cf.
639 2166 754 2208 versus
777 2143 830 2208 Se.
856 2142 964 2224 10111,
985 2143 1043 2206 ubi
1065 2142 1218 2207 Eteocles
1245 2145 1333 2208 cives
1362 2144 1511 2208 hortatur
1541 2137 1625 2224 ὑμᾶς
1652 2142 1687 2206 δὲ

244 2238 307 2327 χρὴ
328 2245 395 2322 νόν,
417 2244 470 2307 καὶ
491 2238 549 2308 τόν
571 2238 746 2309 ἐλλείποντ’
768 2242 816 2308 ἔτι
839 2238 917 2328 ἥβης
938 2238 1072 2324 ἀκμαίας
1100 2245 1151 2308 καὶ
1181 2238 1237 2308 τόν
1265 2243 1380 2330 ἔξηβον
1411 2244 1519 2330 χρόνῳ
1542 2295 1677 2313 .....
1680 2296 1689 2330 ,

247 2342 343 2411 πόλει
363 2346 390 2410 τ’
415 2338 554 2433 όρήγειν.
601 2348 665 2429 Qui
686 2357 795 2413 autem
815 2347 861 2412 illi
885 2348 1030 2428 γέροντες
1053 2359 1169 2429 essent,
1193 2358 1292 2434 pocta
1314 2351 1402 2414 clare
1425 2350 1534 2414 dicere
1558 2352 1688 2414 omniuo

246 2451 361 2517 noluit.
406 2453 573 2518 Priamum
589 2455 697 2539 ipsum
712 2455 797 2516 inter
819 2451 941 2516 liberos
963 2463 1115 2516 necatum
1139 2453 1168 2516 ei
1191 2454 1223 2516 in
1239 2459 1348 2515 mente
1364 2452 1463 2516 luisse
1479 2454 1551 2537 quis
1566 2474 1688 2535 negare

247 2555 394 2641 poterit?
438 2556 566 2623 Nomen
589 2568 698 2625 autem
722 2555 881 2640 γερόντων
904 2559 995 2624 iuxta
1018 2558 1134 2629 παῖδες
1155 2571 1350 2644 usurpatum
1373 2568 1422 2622 cst
1445 2559 1594 2623 sollemni
1617 2581 1689 2640 usu,

249 2667 284 2722 ut
306 2659 455 2723 notiones
478 2659 554 2724 illae
578 2683 617 2726 eo
640 2664 744 2748 magis
767 2665 852 2727 inter
875 2683 909 2726 sc
933 2673 1191 2747 opponerentur,
1213 2671 1244 2724 et
1267 2663 1371 2725 maior
1393 2661 1543 2724 miseriae
1561 2662 1688 2744 species

249 2758 360 2842 fieret,
384 2762 533 2828 conferas
550 2762 807 2830 Callimacheum
829 2764 913 2828 illud
935 2767 1093 2846 arripueras
1116 2761 1154 2825 δὲ
1175 2767 1321 2842 γέροντες
1344 2755 1394 2843 ἐφ’
1417 2759 1523 2824 υἱάσιν
1546 2762 1690 2845 (3,1261,

248 2862 332 2928 Ηοο.
357 2863 416 2926 161
440 2863 581 2944 φροῦδος
602 2870 754 2948 πρέσβυς,
778 2867 916 2949 φροῦδοι
951 2865 1075 2942 παῖδες,
1109 2864 1172 2928 An.
1196 2865 1305 2946 61213,
1329 2863 1401 2931 HF.
1426 2864 1499 2945 455,
1525 2864 1595 2929 OT.
1620 2865 1690 2929 182.

248 2963 408 3028 Videmus
429 2967 529 3049 igitur
550 2967 612 3032 hoc
636 2968 709 3033 loco
740 2969 929 3051 φυταλμίων
959 2963 1117 3050 γερόντων
1151 2967 1267 3031 eodem
1301 2968 1399 3052 plane
1433 2990 1531 3032 sensu
1568 2966 1691 3033 dictum

250 3088 330 3150 esse,
354 3090 418 3154 quo
441 3092 461 3133 a
483 3069 647 3156 Sophocle
678 3071 717 3136 fr.
743 3073 805 3137 120
834 3072 991 3156 scriptum
1024 3080 1073 3134 est
1105 3068 1276 3152 προσῆλθε
1310 3069 1408 3153 μητρὶ
1439 3070 1491 3131 καὶ
1524 3068 1690 3153 φυταλμίῳ

249 3173 358 3251 πατρί.

359 3273 452 3338 Haeo
474 3285 550 3340 sunt
574 3274 725 3363 exempla
747 3273 946 3358 Aeschyleo,
977 3294 1062 3358 quae
1094 3272 1248 3359 proferri*
1270 3284 1414 3358 possunt.
1460 3273 1547 3337 Num
1583 3284 1693 3337 autem

252 3373 431 3461 Sophocles
453 3400 547 3442 usum
580 3377 674 3441 illum
708 3375 837 3462 dequo
861 3377 988 3460 agimus
1019 3377 1148 3440 omnino
1172 3377 1343 3461 receperit,
1373 3390 1440 3440 tam
1464 3385 1553 3440 certo
1577 3375 1691 3440 diiudi-

252 3478 320 3540 cari
345 3500 409 3541 non
432 3489 550 3563 potest.
595 3480 686 3545 Fieri
707 3489 815 3543 tamen
838 3489 957 3564 potest,
979 3488 1014 3542 ut
1036 3478 1230 3562 Euripidem
1252 3480 1397 3543 imitatus
1428 3479 1510 3543 duos
1533 3479 1623 3544 locos
1646 3481 1692 3542 sic

252 3580 429 3664 scripserit,
460 3603 564 3668 eoque
594 3585 698 3666 magis
721 3581 755 3645 id
778 3580 982 3663 crediderim,
1006 3581 1094 3666 quod
1116 3583 1224 3668 ipsum
1245 3579 1330 3644 illud
1350 3603 1470 3645 nomen
1492 3591 1691 3667 usurpatum

252 3682 429 3765 invenitur,
463 3683 550 3770 quod
584 3686 759 3772 Euripides
788 3685 966 3770 praecipue
996 3682 1175 3748 adhibebat
1208 3706 1306 3748 sensu
1337 3683 1467 3765 tralato,
1500 3684 1572 3748 dico
1605 3703 1695 3764 παρ-

252 3785 360 3854 θένος.
405 3786 461 3853 Tr.
487 3789 570 3852 1219
604 3784 662 3872 τήν
684 3779 863 3876 Εόρυτείαν
885 3777 985 3850 οἶσθα
1006 3784 1113 3868 δήπου
1146 3788 1312 3866 παρθένον
1341 3788 1402 3850 etsi
1433 3787 1595 3850 adiectivo
1623 3784 1693 3866 illo,

254 3889 343 3972 quod
365 3889 528 3973 significat
545 3913 583 3975 „e
599 3888 715 3956 domo“
733 3888 787 3953 vel
804 3912 843 3972 ,e
858 3889 983 3954 familia
1001 3885 1139 3974 Euryti“
1165 3888 1317 3973 impediri
1338 3887 1498 3971 videmur,
1521 3887 1692 3975 quominus

254 3993 421 4072 παρθένον
443 3992 673 4078 intellegamus
696 3991 807 4074 filiam,
831 4005 941 4056 tamen
963 4000 1091 4056 exstant
1117 3988 1280 4076 exempla,
1312 3991 1430 4076 quibus
1460 4013 1534 4055 cum
1562 3990 1693 4053 nomine

253 4087 351 4175 κόρης
372 4095 489 4160 similia
513 4095 678 4160 adiectiva
701 4096 875 4159 coniuncta
898 4103 982 4168 sunt,
1000 4095 1092 4158 velut
1115 4093 1169 4158 Pr.
1193 4092 1291 4173 61415
1324 4088 1422 4178 κόρης
1448 4091 1503 4176 τῆς
1530 4085 1694 4168 Ἰναχείας,

255 4193 354 4282 Soph.
376 4196 428 4264 El.
451 4199 515 4264 510
537 4193 661 4282 Λητῴα
682 4194 774 4280 κόρη,
798 4196 872 4278 alia,
895 4218 979 4281 quae
1002 4197 1034 4259 in
1057 4195 1249 4282 accipiendo
1273 4195 1522 4260 Trachiniarum
1552 4215 1590 4259 eo
1621 4194 1693 4259 loco

256 4299 349 4384 sequi
371 4299 491 4366 malim.
536 4300 633 4366 Alter
656 4299 748 4364 locus
772 4307 819 4363 cst
842 4298 912 4365 OT.
938 4299 1021 4363 1462
1042 4304 1114 4360 ταῖν
1147 4289 1177 4359 δ’
1208 4287 1336 4360 όθλίαιν
1370 4294 1510 4376 οἰκτραῐν
1540 4316 1576 4360 τε
1607 4317 1695 4377 παρ-

254 4396 493 4483 revocatura,
516 4404 584 4483 α5ἰ,
606 4424 680 4467 cum
703 4402 877 4466 antecedat
902 4400 983 4466 1459
1008 4399 1133 4462 παίδων
1155 4397 1193 4461 δὲ
1221 4396 1283 4461 ταίν
1311 4396 1370 4478 μὲν
1396 4389 1541 4478 όρσένων
1562 4396 1608 4482 μή
1628 4420 1694 4476 μοι,

255 4505 372 4586 Κρέον,
395 4505 513 4590 προθῇ
534 4509 702 4586 μέριμναν,
724 4505 914 4590 intellegere
937 4504 1097 4569 debemus
1117 4505 1296 4583 παρθένων
1316 4503 1467 4567 filiarum.

342 4607 417 4673 Jam
435 4607 541 4694 qualis
565 4609 606 4672 sit
628 4630 706 4672 usus
728 4607 987 4693 Aristophaneus
1009 4608 1080 4693 ipse
1093 4614 1279 4690 cognoscet,
1303 4608 1359 4691 qui
1374 4606 1530 4670 memoria
1552 4605 1696 4668 tenuerit

258 4733 307 4793 ea,
332 4733 418 4796 quae
441 4733 541 4798 supra
557 4710 636 4778 dixi.
681 4709 728 4774 Ut
744 4711 876 4775 comicis
897 4705 976 4793 κόρη
990 4708 1059 4772 filia
1073 4730 1139 4773 non
1155 4720 1236 4790 erat,
1250 4714 1327 4778 παῖς
1341 4729 1405 4772 non
1417 4705 1513 4788 filius,
1522 4708 1569 4770 ita
1585 4716 1696 4771 cetera

259 4814 500 4904 quoqueqhuius
516 4813 700 4878 tralationis
716 4811 868 4899 exempla
880 4814 1001 4876 evitata
1013 4812 1111 4897 plane
1124 4834 1194 4876 esse
1207 4819 1355 4897 apparet.
1393 4807 1571 4874 Sollemnia
1586 4817 1697 4873 autem
