3796 5518
296 1461 518 1569 Graecorum
548 1501 718 1583 tragoedia
745 1511 779 1569 et
802 1501 971 1568 comoedia
1003 1513 1159 1589 quantum
1181 1506 1267 1571 inter
1288 1528 1324 1570 se
1347 1506 1500 1571 differant
1521 1507 1630 1572 forma

183 1606 314 1671 natione
336 1613 528 1690 argumento
553 1615 680 1671 constat
701 1628 809 1692 neque
829 1613 878 1670 est
903 1604 991 1692 quod
1007 1606 1069 1671 hoc
1090 1606 1163 1672 loco
1180 1609 1289 1674 multis
1306 1609 1415 1674 verbis
1431 1620 1626 1695 exponatur.

187 1709 216 1772 Ε
249 1710 435 1775 differentia
471 1718 582 1775 autem
615 1731 678 1774 non
707 1720 774 1775 tam
804 1711 929 1774 formae
960 1731 1058 1795 quam
1087 1709 1223 1775 rationis
1252 1720 1285 1774 et
1307 1714 1491 1793 argumenti
1514 1733 1627 1797 seque·

186 1813 294 1893 batur,
317 1821 355 1878 ut
369 1835 473 1898 genus
489 1833 620 1898 quoque
643 1811 772 1877 dicendi
795 1813 995 1896 tragicorum
1018 1812 1190 1877 recederet
1205 1835 1225 1876 a
1240 1815 1382 1879 comicis.
1414 1814 1480 1896 Qui
1497 1816 1627 1901 assequi

182 1914 349 1996 studebat,
383 1936 467 2001 quae
497 1914 586 1979 ultra
614 1914 785 1980 sollemnia
813 1924 845 1980 et
867 1914 1019 1998 vulgaria
1041 1916 1149 1999 posita
1173 1923 1257 1996 sunt,
1287 1919 1343 2002 qui
1366 1919 1521 1982 materias
1543 1927 1627 1982 trac·

186 2017 289 2098 tabat,
314 2039 399 2103 quae
422 2039 442 2080 a
465 2017 534 2080 vita
556 2016 720 2082 cotidiana
742 2016 850 2081 aliena
873 2027 957 2097 sunt,
981 2038 1056 2081 enm
1072 2037 1276 2082 communem
1291 2039 1424 2104 quoquc
1443 2041 1626 2084 sermonem

184 2118 359 2205 repudiare
395 2141 530 2184 neccsse
563 2127 642 2184 erat.
698 2117 824 2184 Comici
856 2129 967 2183 autem
996 2129 1123 2206 poetae,
1154 2119 1209 2204 qui
1239 2133 1432 2206 argumenta
1454 2121 1627 2186 tractanda

187 2221 362 2286 sumebant
389 2243 406 2284 e
429 2243 487 2286 suo
511 2223 655 2307 ipsorum
677 2229 834 2309 tempore,
869 2243 1008 2307 quorum
1038 2242 1165 2286 summa
1186 2220 1242 2286 lex
1264 2231 1335 2288 erat
1356 2223 1494 2289 ridendo
1517 2223 1627 2289 dicere

186 2342 310 2406 uerum,
348 2346 423 2389 cum
463 2345 585 2406 eorum,
623 2346 761 2410 quorum
792 2327 1023 2389 auctoritatem
1054 2323 1252 2409 carpendam
1283 2323 1345 2389 sibi
1376 2333 1627 2412 proposuerant,

186 2448 312 2492 errores
342 2436 375 2491 et
405 2428 487 2492 vitia
517 2425 708 2510 detegerent
738 2429 807 2490 sine
837 2425 906 2491 ulla
935 2425 1137 2490 verecundia
1159 2434 1192 2488 et
1213 2428 1303 2512 ipsos
1325 2426 1469 2493 ludibrio
1493 2436 1527 2491 et
1547 2429 1629 2493 risui

186 2528 374 2614 aequalium
410 2527 588 2610 obicerent,
610 2531 672 2593 nisi
707 2527 870 2593 cotidiano
904 2550 1052 2594 sermone
1082 2531 1130 2592 uti
1160 2527 1225 2593 alio
1246 2553 1312 2594 non
1334 2539 1496 2617 poterant,
1521 2551 1628 2616 neque

185 2632 262 2719 plus
291 2635 337 2696 eis
355 2635 550 2719 permissum
573 2641 654 2713 erat,
684 2654 783 2717 quam
804 2642 842 2696 ut
864 2632 957 2696 illum
980 2631 1143 2697 interdum
1165 2632 1353 2697 excolerent
1377 2641 1410 2697 et
1437 2633 1628 2720 expolirem,

187 2744 223 2799 ut
246 2735 486 2820 Aristophanes
515 2736 587 2818 ipsc
617 2735 699 2799 dixit
728 2735 766 2801 fr.
796 2737 878 2804 471:
907 2738 1033 2816 χρῶμαι
1055 2724 1113 2817 γὰρ
1136 2726 1233 2797 αὐτοῦ
1256 2726 1451 2816 (Εὐριπίδου
1476 2733 1549 2813 sol.)
1570 2739 1629 2798 τοῦ

184 2832 345 2915 στόματος
368 2834 413 2920 aqi
446 2833 633 2920 στρογγύλῳ,
656 2831 731 2907 τοὺς
751 2839 825 2909 νοῦς
847 2831 1043 2917 coraustove
1065 2821 1160 2922 ἧττον
1182 2828 1324 2920 ἢ’κοῑνος
1347 2839 1433 2902 ποιοῖ
1444 2840 1477 2916 ¹).

288 2972 412 3038 Eorum
445 2975 557 3058 igitur,
587 2975 644 3059 qui
672 2974 770 3060 primi
798 2972 1004 3057 tragoediam
1035 2983 1105 3037 arte
1129 2975 1348 3059 conscriptam
1371 2973 1523 3054 edebant,
1548 2981 1628 3058 erat,

186 3083 223 3139 ut
245 3098 427 3141 sermonem
452 3076 513 3139 sibi
536 3079 789 3155 conformarent,
819 3077 875 3161 qui
906 3073 949 3138 ad
970 3076 1141 3140 materiam
1165 3083 1197 3139 et
1220 3078 1389 3142 consilium
1414 3101 1507 3144 suum
1530 3088 1626 3164 aptus

184 3186 279 3243 esset.
325 3177 401 3260 Qua
430 3181 462 3242 in
492 3202 528 3243 re
560 3201 642 3264 quos
670 3180 873 3265 potissimum
905 3179 1111 3242 imitarentur
1132 3176 1300 3243 habebant
1322 3192 1438 3265 poetas
1461 3183 1570 3265 epicos
1592 3189 1627 3244 et

183 3280 308 3345 Dorum
321 3279 454 3366 lyricos.
479 3280 525 3345 Ut
534 3290 641 3345 autem
653 3282 760 3366 quivis
768 3279 917 3345 Graecus
926 3289 959 3342 et
968 3280 1097 3344 omnino
1107 3283 1431 3368 omnesanriquitatis
1440 3285 1625 3368 scriptores,

179 3383 226 3447 of.
253 3407 281 3448 e.
304 3406 336 3466 g.
368 3405 468 3469 opera
491 3383 606 3466 Taciti,
631 3384 779 3462 aliorum,
809 3385 866 3469 qui
886 3392 977 3447 certo
1001 3382 1129 3447 cuidam
1150 3382 1332 3449 litterarum
1354 3388 1467 3469 generi
1491 3408 1626 3470 operam

183 3483 315 3561 dabant,
334 3486 422 3551 illius
436 3491 568 3572 generis
581 3488 747 3573 propriam
763 3488 890 3572 copiam
907 3485 1081 3549 verborum
1098 3492 1131 3548 et
1143 3484 1320 3552 dialectum
1333 3487 1564 3573 sequebantur,
1578 3491 1625 3553 ita

181 3589 263 3651 utin
276 3610 405 3674 quoque
418 3590 600 3654 litterarum
612 3611 733 3673 genere
745 3590 844 3653 certis
853 3587 974 3652 finibus
985 3588 1233 3672 circumscripta
1244 3590 1327 3653 ratio
1336 3588 1467 3654 dicendi
1475 3599 1625 3653 oreretur

176 3701 216 3753 et
241 3688 497 3774 adhiberetur'),
524 3694 570 3756 ita
585 3691 647 3756 hac
666 3691 781 3776 regula
797 3692 913 3776 tragici
928 3700 1047 3778 poetae
1063 3699 1096 3754 et
1109 3691 1172 3777 ipsi
1187 3691 1312 3777 alligati
1324 3696 1356 3758 in
1373 3697 1420 3757 eis
1436 3692 1624 3758 fabularum

180 3794 343 3877 partibus,
368 3815 452 3878 quae
479 3794 522 3859 ad
545 3797 659 3882 poesin
674 3796 888 3859 narratoriam
913 3793 1127 3877 accedebant,
1150 3795 1272 3879 epicae,
1294 3797 1327 3858 in
1351 3797 1469 3860 ceteris
1491 3793 1623 3860 doricae

183 3893 315 3960 dialecti
350 3897 503 3985 exempla
536 3899 738 3983 potissimum
777 3897 1009 3982 sequebantur,
1044 3919 1061 3961 e
1093 3895 1212 3982 quibus
1242 3899 1430 3982 compositis
1460 3907 1492 3961 et
1521 3900 1623 3982 ipsius

179 4007 299 4082 poetae
332 4001 464 4082 ingenio
499 4011 598 4086 atque
631 3999 740 4064 indole
773 3999 806 4063 in
841 4021 935 4063 suum
969 3998 1103 4064 modum
1136 3999 1280 4063 redactis
1312 4020 1494 4064 sermonem
1525 4021 1622 4085 quem

183 4097 322 4165 dicimus
338 4105 500 4186 tragicum
518 4103 751 4182 efficiebant3).
787 4101 967 4167 Comoedia
982 4111 1102 4184 autem,
1126 4125 1223 4188 quam
1240 4102 1374 4188 quidem
1393 4123 1451 4166 nos
1465 4103 1498 4166 in
1514 4104 1621 4168 animo

286 4305 307 4370 ¹)
345 4303 388 4360 Cf.
420 4322 532 4376 quoquc
564 4304 651 4358 schol.
681 4305 711 4357 in
736 4305 810 4360 Plat.
835 4305 919 4374 Apol.
947 4306 1020 4364 190:
1052 4303 1257 4382 Ἀριστοφάνης
1290 4298 1461 4377 ἐκωμῳδεῖτο
1483 4297 1549 4358 d'c'ut
1581 4309 1621 4370 τῷ

181 4387 311 4442 σκώπτειν
331 4388 379 4458 μὲν
398 4389 555 4467 Εὐριπίδῃ,
574 4389 714 4462 μιμεῖσθαι
732 4386 856 4448 δἀὐτόν.

282 4493 304 4565 ¹)
325 4492 369 4550 Of,
394 4493 482 4551 Arist.
503 4495 573 4551 rhet.
597 4496 622 4564 3,
650 4498 696 4564 123
720 4495 910 4550 Wilamowitz
943 4495 998 4548 Die
1022 4494 1193 4566 entstehung
1217 4493 1266 4548 der
1291 4494 1487 4566 griechischen
1506 4493 1619 4547 schrift-

173 4580 308 4652 sprache,
332 4582 367 4638 32
375 4585 418 4633 ste
437 4581 810 4652 philologenvcrsammlung
829 4600 864 4634 zu
884 4581 1066 4649 Wiesbaden,
1084 4581 1204 4651 Leipzig
1225 4583 1305 4650 1n783
1339 4581 1467 4635 Zarnclre
1486 4582 1540 4633 Die
1558 4587 1618 4634 ent·

180 4669 302 4740 etehung
321 4668 372 4723 der
391 4667 588 4739 griechischen
606 4667 897 4737 litteratursprachen,
919 4668 1036 4739 troipzig
1055 4669 1131 4726 1890.

285 4774 306 4846 Ι)
326 4773 427 4826 Miram
447 4771 481 4826 de
499 4771 583 4825 huius
601 4775 738 4827 sermonis
756 4777 859 4826 natura
878 4774 1047 4827 sententiam
1065 4771 1285 4826 Rutheriordius
1315 4771 1370 4824 Zur
1388 4769 1551 4842 geschichte
1568 4768 1618 4823 des

172 4861 357 4930 Atticismus,
388 4860 564 4915 Fleckeisen.
600 4875 665 4919 ann,
684 4861 821 4931 supplem.
853 4863 893 4926 13,
920 4863 973 4916 355
1000 4861 1117 4931 profert,
1144 4860 1193 4931 qui
1222 4877 1283 4912 eum
1312 4875 1345 4911 ex
1367 4858 1430 4927 ipsa
1457 4856 1618 4909 Atticorum
