3796 5518
795 405 1006 500 ,15-

168 621 407 711 Ἀγαμέμνονός
436 643 471 688 τε
497 623 548 686 καὶ
578 621 842 707 Κλυταιμήστρας
874 617 978 695 τόκος,
1010 645 1048 688 eo
1071 625 1178 688 minus
1203 625 1327 712 aliquid
1351 635 1462 691 contra
1484 626 1620 713 probari

176 737 294 820 potest,
330 728 419 815 quod
453 728 486 791 in
520 726 716 791 allocutione
750 725 807 790 1116
841 747 957 792 versus
986 727 1113 811 positus
1142 749 1208 792 non
1237 738 1297 809 661,
1325 739 1362 793 ut
1385 730 1485 794 ceteri
1507 751 1619 794 omnes

178 855 260 922 quos
284 830 390 897 attuli.

277 935 324 1000 Ut
353 955 454 1017 supra
486 931 743 996 demonstratum
773 939 823 994 est
846 933 957 993 τέκνον
984 953 1002 994 6
1025 931 1197 996 comoedia
1219 930 1362 996 alienum
1384 955 1456 998 esse
1480 931 1616 1015 debere,

168 1042 221 1105 ita
258 1039 364 1103 rarius
407 1031 489 1099 illud
531 1039 619 1103 τέκος
654 1033 753 1119 plane
791 1032 884 1098 deest
927 1041 1067 1119 excepto
1104 1055 1203 1098 versu
1233 1033 1282 1100 Pl.
1313 1035 1386 1115 292,
1425 1035 1483 1120 qui
1509 1044 1619 1100 tamen

175 1141 346 1208 Philoxeni
384 1138 565 1203 imitatione
603 1144 694 1199 ortus
733 1144 792 1201 est.
852 1134 1038 1220 Aeschylus
1071 1144 1110 1199 et
1143 1134 1318 1222 Euripides
1346 1135 1436 1202 haud
1465 1139 1510 1200 ita
1542 1159 1618 1202 raro

173 1241 626 1320 6165611111161111116τέκος,
656 1236 749 1302 velut
772 1238 836 1303 Me.
860 1238 933 1320 851,
957 1238 1040 1306 Hec.
1062 1237 1136 1320 415,
1159 1239 1218 1304 ΙΑ.
1245 1239 1338 1320 1614,
1361 1241 1550 1320 1161611161,
1582 1247 1619 1304 ut

175 1349 266 1434 prior
295 1345 351 1409 1116
380 1342 484 1406 solam
513 1341 652 1406 formam
683 1345 773 1409 τέκος
803 1340 985 1420 adhiberet,
1008 1340 1060 1406 Se.
1088 1340 1158 1422 185,
1188 1340 1264 1422 664,
1285 1339 1340 1405 Su.
1364 1341 1436 1423 350,
1459 1341 1521 1405 Eu.
1544 1342 1618 1408 531.

178 1450 253 1516 Ηοο
275 1448 348 1512 loco
377 1466 510 1509 monere
533 1466 597 1508 non
614 1443 776 1508 omiserim
791 1464 907 1508 versus
923 1443 1002 1509 Eur.
1018 1443 1070 1507 El.
1099 1444 1181 1508 1215
1210 1445 1299 1514 τέκος
1320 1437 1400 1522 ἐμόν
1423 1442 1539 1509 6100.
1556 1443 1619 1508 216

167 1548 259 1633 -ιόμοι
279 1546 347 1631 ἐγώ,
369 1550 402 1611 τί
421 1542 529 1629 πάθοι,
558 1551 668 1608 τέκνον
697 1540 779 1624 ἐμόν
807 1548 904 1610 unica
934 1546 1086 1632 exempla
1110 1569 1180 1610 esse
1204 1544 1291 1631 apud
1315 1568 1426 1610 omnes
1449 1548 1616 1612 scaenicos

161 1644 299 1741 *poetas
321 1651 379 1716 uhi
403 1651 525 1714 nomini
548 1647 752 1735 appellativo
767 1650 800 1711 iu
816 1648 1012 1713 allocutione
1028 1658 1185 1733 usurpato
1200 1670 1381 1734 pronomen
1396 1651 1619 1734 possessivum

174 1756 324 1822 additum
347 1762 406 1834 661,
429 1755 520 1816 cuius
543 1772 622 1814 usus
644 1772 742 1835 quam
765 1749 951 1836 frequentia
974 1750 1128 1838 exempla
1156 1759 1287 1816 exstent
1317 1752 1405 1837 apud
1436 1751 1619 1817 Homerum

169 1881 287 1925 omnes
309 1858 438 1921 scimus.
481 1853 613 1918 Nomini
636 1866 748 1916 autem
769 1855 903 1939 proprio
934 1852 1081 1917 additum
1114 1853 1253 1936 legimus
1275 1875 1456 1938 pronomen
1479 1855 1511 1918 in
1535 1855 1617 1920 allo·

170 1963 307 2028 cutione
331 1958 421 2043 apud
437 1955 650 2040 Aeschylum,
673 1956 735 2039 Ag.
762 1956 845 2020 1065
866 1950 1036 2018 Ἀπόλλων
1058 1951 1137 2035 ἐμός
1159 1979 1166 1994 ·
1195 1947 1364 2026 ἀπώλεσας
1385 1954 1447 2038 γὰρ
1469 1949 1505 2018 οὐ
1523 1956 1619 2036 μόλις

174 2062 213 2128 τὸ
237 2059 397 2143 δεύτερον,
422 2061 477 2147 qui
500 2060 592 2124 locus
612 2059 785 2142 singularis
805 2070 855 2124 661
871 2069 903 2123 61
920 2058 1000 2124 ludo
1016 2070 1141 2124 tantum
1159 2058 1217 2123 illo
1234 2057 1453 2144 etymologico
1471 2060 1615 2125 effeetus·

175 2167 241 2232 Sed
262 2164 435 2230 redeamus
458 2163 500 2227 ad
523 2160 723 2227 vocabulum
744 2165 841 2230 τέκος.
874 2161 1014 2245 Tragico
1037 2160 1093 2226 illo
1117 2161 1247 2224 nomine
1271 2181 1349 2224 usus
1373 2170 1422 2226 661
1437 2161 1617 2248 Sophocles

169 2267 277 2334 semel
298 2276 436 2347 tantum,
465 2263 515 2328 El.
541 2265 611 2347 187,
634 2265 785 2328 1661111116
808 2264 865 2328 1116
890 2277 980 2328 66116
1003 2274 1203 2346 6611661116,
1233 2285 1332 2348 quam
1355 2264 1489 2328 exhibet
1512 2267 1617 2330 codex

174 2369 440 2437 Vindobonensis
470 2367 532 2433 281
563 2366 686 2431 66661111
720 2369 844 2432 14--15
873 2389 933 2452 pro
966 2388 1003 2430 eo
1032 2365 1120 2452 quod
1143 2366 1244 2430 ceteri
1267 2388 1378 2430 omnes
1401 2375 1617 2432 servaverunt

171 2477 302 2539 τοκέων.
348 2470 470 2536 Sensus
495 2470 579 2532 enim
600 2468 665 2532 loci
688 2468 825 2532 multum
849 2470 981 2532 tractati

535 2561 601 2632 ἀλλ’
626 2565 685 2649 ἐμὲ
705 2570 766 2647 μὲν
790 2564 807 2630 ὁ
832 2563 933 2638 πολὺς
958 2562 1173 2634 ἀπολέλοιπεν
1196 2567 1256 2655 ἤδη

531 2676 638 2753 βίοτος
660 2668 862 2753 ἀνέλπιστος,
887 2665 955 2734 οὐδ’
977 2667 1021 2735 ἔτ’
1044 2665 1147 2752 ἀρκῶ·

533 2767 603 2843 ἅτις
625 2769 704 2837 ἄνευ
727 2779 843 2837 τεκέων
863 2769 1089 2854 κατατάκομαι,

532 2861 569 2944 ἇς
590 2877 682 2958 φίλος
703 2869 787 2946 οὔτις
810 2871 889 2958 ἀνὴρ
914 2872 1124 2958 ὑπερίσταται

169 2984 306 3048 1116661.
353 2981 486 3046 Electra
516 2979 756 3044 consolationes
785 2979 877 3044 chori
907 2981 1002 3044 reicit
1035 2979 1220 3060 ostendens,
1243 3001 1341 3064 quam
1364 2980 1485 3046 frustra
1508 2981 1615 3047 adhue

173 3085 356 3174 speraverit
387 3083 520 3147 fratrem
553 3105 622 3147 6666
646 3091 830 3162 venturum,
855 3095 887 3145 et
910 3104 1008 3168 quam
1031 3084 1118 3147 vires
1142 3085 1246 3167 magis
1267 3084 1437 3168 magisque
1460 3084 1615 3149 deficiant

172 3187 304 3254 sublata
342 3187 429 3250 omni
466 3207 524 3272 spe
562 3183 686 3250 salutis.
747 3182 839 3271 Opus
870 3195 919 3250 661
950 3187 979 3248 61
1010 3186 1133 3249 auxilio
1165 3196 1198 3248 et
1222 3183 1386 3272 praesidio
1408 3187 1450 3250 ab
1472 3190 1529 3268 616,
1560 3189 1616 3273 qui

173 3306 300 3376 patrem
334 3296 544 3352 necaverunt.
591 3285 689 3368 Quod
723 3296 833 3352 tamen
864 3300 899 3351 ut
927 3287 970 3352 ab
1001 3290 1072 3374 ipso
1102 3299 1198 3373 patre
1225 3298 1325 3374 petat,
1353 3291 1408 3374 qui
1431 3300 1479 3354 est
1501 3312 1615 3355 sensus

172 3392 268 3456 verbi
290 3391 447 3471 traditi1),
476 3389 547 3453 6611
578 3388 669 3453 nulio
699 3389 798 3453 modo
822 3398 939 3474 potest.
984 3391 1021 3454 Iu
1046 3412 1110 3453 uno
1134 3391 1252 3455 marito
1275 3402 1331 3457 aut
1352 3393 1386 3455 in
1406 3391 1517 3454 liberis
1539 3414 1615 3478 spes

170 3496 280 3581 posita
303 3503 398 3558 esset.
442 3491 555 3557 Neutri
579 3499 689 3556 autem
714 3494 743 3554 ei
766 3493 1008 3575 conceduntur3
1031 3515 1096 3578 qua
1120 3494 1161 3557 de
1185 3515 1284 3558 causa
1306 3494 1420 3559 incidit
1441 3494 1614 3558 intantum

173 3598 446 3685 desperationem.

277 3697 373 3778 Quod
396 3694 486 3776 γόνος
509 3708 540 3762 61
553 3693 644 3766 τόκος
667 3721 685 3759 6
709 3699 841 3762 comicis
863 3699 1072 3780 1616161161111,
1095 3698 1234 3763 alterum
1251 3697 1381 3784 quidem
1404 3699 1431 3761 si
1453 3697 1615 3778 significat

175 3802 373 3882 filium,nisi
397 3800 569 3886 quodTh.
593 3800 720 3866 845116
746 3801 932 3885 Hyperboli
956 3812 1060 3865 matre
1089 3801 1209 3865 dicitur
1241 3792 1313 3876 ἀξία
1345 3802 1425 3881 γοῦν
1457 3791 1489 3862 εἶ
1517 3798 1614 3864 τόκον

171 3902 309 3968 τεκοῦσα
332 3901 478 3965 τοιοῦτον
498 3898 595 3964 τόκον
626 3905 897 3986 agnominationis
931 3926 1041 3985 eausa,
1076 3903 1138 3968 hae
1175 3925 1211 3967 16
1244 3905 1423 3968 secundum
1458 3927 1497 3969 66
1529 3927 1614 3989 quae

172 4007 279 4070 adhuc
302 4006 515 4090 cognovimus
530 4006 664 4091 probari
688 4006 831 4069 dicemus
849 4015 1022 4091 utrumque
1046 4006 1254 4088 vocabulum,
1277 4019 1507 4093 praeterquam
1523 4007 1613 4093 quod

173 4108 371 4172 abstractum
393 4109 459 4171 vim
483 4106 631 4192 pariendi
654 4131 734 4192 prae
758 4109 945 4190 ecferebat,
976 4111 1065 4173 initio
1081 4119 1270 4173 concretum
1284 4111 1346 4172 nisi
1360 4132 1421 4193 pro
1438 4109 1612 4175 collectivo

172 4208 357 4293 significatu
386 4212 555 4296 progeniei
589 4224 782 4296 usurpatum
814 4234 879 4275 non
912 4235 991 4276 esse.
1050 4213 1150 4299 Apud
1185 4212 1363 4276 Homerum
1399 4213 1493 4274 τόκοτ
1527 4215 1613 4278 hunc

171 4309 389 4398 significatum
412 4313 512 4378 habet
534 4311 577 4392 (Ο
606 4314 672 4395 141,
696 4336 714 4378 o
745 4316 824 4396 tlh,
845 4310 933 4395 γόνος
956 4317 1045 4400 apud
1068 4317 1173 4400 ipsum
1203 4315 1295 4380 illum
1318 4316 1358 4395 (Z
1386 4319 1453 4395 191,
1483 4315 1513 4380 Ν
1535 4313 1611 4387 419)

168 4426 205 4479 61
228 4413 317 4501 apud
339 4414 518 4479 Pindarum
542 4414 594 4495 (O.
618 4417 648 4497 9,
671 4417 728 4499 '163
752 4419 780 4494 6,
804 4419 859 4498 36)
890 4418 977 4482 filius
1003 4429 1059 4483 661.
1106 4418 1269 4504 Analogia
1289 4419 1390 4501 igitur
1418 4416 1539 4481 inditus
1562 4427 1612 4482 est

168 4541 191 4584 a
212 4518 345 4601 tragicis
368 4519 488 4581 nomini
513 4513 605 4586 τόκος
620 4520 820 4603 significatus
836 4520 904 4604 filii,
920 4520 971 4584 Se.
988 4521 1051 4585 359
1077 4518 1217 4584 Οἰδίπου
1240 4517 1339 4595 τόκος,
1358 4518 1425 4585 OC.
1449 4522 1499 4603 69,
1524 4522 1610 4604 1315,

170 4621 224 4686 Hi.
249 4621 322 4701 520,
354 4619 408 4684 Su.
440 4620 514 4701 925,
559 4641 597 4684 ea
638 4632 748 4686 tamen
787 4624 860 4707 lege
897 4625 1066 4702 coercitus
1099 4635 1135 4689 111
1173 4626 1321 4711 exceptis
1359 4623 1487 4688 duobus
1521 4624 1612 4706 locis,

274 4839 295 4913 ¹)
316 4840 377 4910 „Sic
395 4839 527 4894 vermisst
546 4838 599 4892 den
621 4840 720 4895 sehutz
740 4842 788 4896 des
807 4845 917 4898 vaters“
938 4843 1008 4895 dicit
1028 4843 1130 4896 11111110]
1149 4843 1221 4902 adl.
