3796 5518
278 562 447 646 habemus,
484 566 517 628 iu
555 565 626 630 solo
664 564 778 631 Attico
809 573 886 631 nata
916 577 947 632 et
978 570 1133 651 exercita,
1166 572 1330 636 amaiore
1361 595 1472 639 sorore
1502 598 1561 641 sua
1579 575 1725 643 formam

278 674 416 750 tantum,
451 667 524 732 dico
557 668 738 753 dialogum,
771 672 926 752 carmina,
957 673 1075 757 quibus
1107 674 1227 739 adiecit
1255 674 1444 758 parabasin,
1476 687 1623 743 mutuata
1657 687 1721 746 est>

278 768 435 836 Sermone
457 778 569 835 autem
592 773 700 858 patrio
723 773 879 838 utebatur
900 796 1009 860 neque
1031 776 1169 843 aliarum
1191 777 1407 842 dialectorum
1430 780 1567 863 vestigia
1585 780 1721 846 exhibet
1876 797 1877 800 ’

275 872 337 936 uisi
371 879 428 936 aut
463 873 497 937 in
531 874 670 959 parodia
703 875 872 960 epicorum
906 876 959 940 vel
990 880 1190 962 tragicorum
1220 890 1392 964 poetarum
1422 889 1480 945 aut
1509 884 1542 946 in
1565 882 1723 948 versibus

276 973 418 1039 laudatis
451 982 507 1039 aut
540 997 614 1041 cum
649 978 841 1062 peregrinos
872 979 1020 1044 homines
1053 982 1087 1044 in
1116 1003 1268 1046 scaenam
1297 983 1422 1047 inducit
1433 983 1467 1061 1).
1519 984 1559 1049 In
1589 1007 1716 1051 summa

275 1084 385 1141 autem
415 1079 603 1142 comoediae
635 1078 795 1144 dialectus
817 1102 909 1144 mera
931 1079 1044 1146 Attica
1066 1084 1160 1165 est2),
1191 1105 1297 1169 neque
1321 1085 1394 1149 aliis
1416 1086 1585 1172 inquinata
1607 1109 1714 1173 neque

273 1180 368 1243 nimis
395 1180 522 1244 urbana
551 1189 607 1246 aut
636 1182 768 1263 rustica,
796 1191 833 1245 ut
868 1181 955 1268 apud
984 1185 1092 1268 ipsum
1122 1185 1376 1272 Aristophanem
1405 1188 1542 1271 legimus
1571 1188 1610 1253 fr.
1634 1189 1712 1255 685:

275 1276 439 1344 διάλεκτον
466 1277 578 1358 ἔχοντα
607 1286 711 1366 μέσην
741 1277 868 1353 πόλεως
899 1276 965 1347 οὔτ’
994 1276 1125 1350 ἀστείαν
1146 1279 1393 1370 ὑποθηλυτὲραν
1415 1283 1480 1351 οὔτ’
1503 1283 1717 1373 ἀνελεύθερον

273 1373 556 1468 ὕπαγροικοτέραν.

376 1519 631 1607 Unusquisque
665 1530 774 1587 autem
802 1533 900 1608 poeta
936 1524 1021 1588 filius
1059 1536 1109 1591 est
1138 1549 1216 1593 suae
1249 1530 1365 1592 aetatis
1397 1537 1429 1593 et
1459 1529 1626 1594 subiectus
1655 1553 1722 1595 suo·

273 1621 376 1706 ipsius
406 1623 535 1706 ingenio
567 1632 599 1688 et
628 1634 775 1690 naturae.
820 1626 925 1691 Nemo
956 1626 1131 1694 dictionem
1154 1630 1290 1695 alterius
1317 1631 1486 1695 cuiusdam
1509 1641 1613 1696 totam
1634 1633 1715 1696 facit

273 1746 376 1803 suam,
398 1723 540 1812 ideoque
572 1727 627 1810 eis,
652 1749 738 1813 quae
761 1731 878 1816 tragici
901 1752 921 1794 a
943 1731 1108 1815 prioribus
1131 1734 1271 1798 mutuati
1296 1745 1396 1816 erant,
1427 1734 1512 1799 alius
1533 1735 1609 1818 plus
1632 1735 1716 1799 alius

271 1828 377 1892 minus
398 1850 477 1892 suae
498 1831 626 1915 patriae
650 1831 782 1895 dialecti
804 1833 1059 1916 intermiscebat,
1083 1857 1149 1921 qua
1173 1835 1214 1899 de
1237 1859 1272 1900 re
1295 1836 1412 1902 melius
1433 1837 1662 1918 iudicaremus,
1686 1838 1713 1900 si

270 1931 435 2016 primitiae
456 1932 647 2017 tragoediae
667 1933 762 1999 nobis
785 1944 935 2000 servatae
959 1947 1075 2000 essent.
1121 1937 1221 2022 Apud
1245 1939 1352 2022 ipsum
1377 1951 1484 2004 autem
1508 1939 1716 2024 Aeschylum

272 2042 304 2096 et
334 2035 564 2100 auctoritatem
594 2039 741 2123 priorum
772 2040 876 2122 magis
907 2061 1005 2124 quam
1038 2038 1128 2125 apud
1162 2047 1288 2105 ceteros
1319 2041 1486 2106 valentem
1507 2042 1656 2118 videmus
1679 2049 1713 2106 et

272 2137 424 2222 exempla
445 2139 628 2204 invenimus
649 2141 816 2222 nonnulla,
847 2163 930 2226 quae
961 2150 1061 2227 poeta
1085 2163 1102 2204 e
1125 2164 1275 2207 sermone
1298 2145 1460 2208 communi
1482 2145 1611 2228 patriae
1633 2167 1712 2210 suae

270 2242 417 2325 sumpsit.
476 2242 551 2306 Nou
588 2244 675 2307 omni
711 2242 809 2308 modo
847 2245 1014 2330 perfectus
1049 2266 1156 2330 neque
1191 2245 1234 2309 ad
1272 2246 1438 2328 fastigium
1476 2246 1585 2309 enisus
1624 2244 1716 2331 apud

268 2341 474 2424 Aeschylum
503 2366 610 2409 sermo
640 2346 784 2429 tragicus
815 2357 875 2428 est,
904 2346 997 2412 velut
1027 2348 1117 2432 apud
1139 2347 1321 2411 Homerum
1345 2349 1468 2432 epicus,
1491 2349 1548 2432 qui
1570 2349 1719 2433 posteris-

271 2445 420 2511 omnibus
453 2446 607 2532 exemplo
643 2457 723 2530 erat,
756 2471 864 2534 neque
892 2451 1021 2514 omnino
1050 2449 1234 2535 perfectum
1264 2450 1325 2512 hoc
1358 2471 1461 2531 genus
1490 2449 1598 2514 videri
1620 2459 1720 2536 puto,¹

269 2570 343 2612 cum
365 2549 543 2636 Euripides
576 2558 608 2614 et
638 2552 671 2615 in
702 2551 843 2617 dictione
874 2559 905 2614 et
927 2553 960 2615 in
990 2553 1191 2635 argumentis
1213 2552 1307 2616 nimis
1329 2552 1468 2617 multum
1491 2572 1570 2616 suae
1593 2553 1720 2615 aetatis-

270 2653 417 2718 moribus
433 2656 585 2719 tribuerit
596 2654 632 2733 ³).
659 2653 839 2738 Sophocles
863 2662 971 2719 autem
995 2653 1099 2719 ordini
1125 2675 1247 2734 eorum,
1263 2656 1320 2739 qui
1342 2675 1524 2718 sermonem
1539 2654 1711 2734 tragicum,

269 2755 342 2822 dico
363 2756 594 2842 Aeschyleum,
618 2756 824 2839 excolebant,
848 2761 977 2822 omnino
1001 2779 1036 2822 se
1058 2779 1122 2820 non
1145 2758 1290 2821 inseruit.
1328 2755 1406 2820 Plus
1430 2778 1526 2841 quam
1552 2756 1651 2819 ceteri
1675 2777 1719 2820 se

270 2859 439 2944 applicans
467 2859 511 2923 ad
541 2857 717 2923 dialectum
741 2860 887 2923 Ionicam
916 2870 949 2923 et
972 2862 1140 2944 propriam
1163 2860 1307 2924 Atticam
1330 2861 1473 2924 maxime
1495 2862 1529 2925 in
1553 2858 1712 2944 eligendis

268 2961 389 3042 verbis,
404 2961 529 3026 nullam
540 2963 609 3026 fere
627 2961 871 3026 similitudinem
888 2983 1048 3046 quaerens
1066 2984 1139 3025 cum
1157 2961 1362 3027 antecedenti
1377 2963 1545 3046 Aeschylo
1564 2962 1710 3049 exceptis

269 3064 326 3145 eis,
357 3085 444 3148 quae
473 3065 577 3147 magis
605 3065 779 3129 universae
809 3065 999 3149 tragoediae
1028 3087 1127 3151 quam
1157 3064 1358 3148 singulorum
1379 3076 1553 3151 poetarum
1575 3065 1717 3150 propria.

268 3174 353 3247 sunt,
375 3168 534 3230 rationem
552 3165 613 3231 sibi
625 3167 781 3231 formavit
797 3167 937 3248 dicendi,
955 3189 1019 3252 qua
1034 3166 1141 3253 plenis
1159 3177 1191 3230 et
1208 3170 1390 3254 perspicuis
1405 3166 1516 3232 verbis
1531 3167 1709 3230 sententias

267 3269 503 3355 pulcherrimas
526 3278 557 3332 et
579 3268 762 3333 uberrimas
786 3268 993 3354 exprimebat
1014 3291 1121 3354 neque
1145 3270 1251 3333 minus
1282 3270 1467 3334 abstinebat
1489 3270 1653 3353 gravitate
1678 3275 1710 3330 et

268 3373 442 3436 severitate
466 3371 634 3456 Aeschyli,
664 3371 829 3436 rhetorica
860 3380 892 3434 et
922 3372 1095 3436 dialectica
1125 3371 1295 3456 Euripidis
1325 3393 1423 3456 quam
1447 3371 1654 3458 simplicitate
1678 3380 1710 3434 et

266 3477 365 3539 nimia
394 3475 558 3539 interdum
580 3475 815 3560 perspicuitate
840 3473 1078 3561 Aristophanis.
1123 3474 1220 3538 Hanc
1255 3484 1362 3538 autem
1385 3475 1544 3538 rationem
1566 3476 1708 3538 maxime

267 3580 493 3662 cognoscimus
516 3577 663 3661 aprima
686 3578 755 3640 eius
778 3575 901 3658 fabula,
925 3599 1008 3662 quae
1032 3575 1162 3662 quidem
1185 3577 1280 3640 nobis
1305 3585 1433 3640 servata
1457 3584 1522 3657 est,
1543 3578 1576 3640 in
1591 3576 1718 3639 ceteris-

265 3716 424 3726 ..u-—

267 3815 389 3870 dialecto
414 3817 505 3868 ortum
530 3830 591 3868 esse
619 3813 690 3866 dicit
714 3814 790 3866 etin
809 3830 842 3866 eo
860 3813 943 3866 nobis
970 3813 1095 3884 linguam
1133 3812 1260 3866 Atticam
1279 3813 1371 3882 qualis
1390 3813 1477 3866 fuerit
1495 3811 1609 3865 saeculo
1627 3812 1717 3863 sexto·

266 3906 408 3957 servatam
439 3919 500 3955 esse
530 3900 677 3954 contendit
706 3918 798 3971 neque
825 3900 980 3971 quidquam
1006 3901 1107 3953 falsius
1131 3917 1193 3952 esse
1216 3903 1307 3969 putat,
1334 3917 1417 3970 quam
1436 3903 1561 3954 statuere
1581 3897 1717 3967 tragicos

265 3996 364 4062 poetas
399 4005 554 4042 sermonem
590 3989 671 4042 illum
707 3988 810 4042 elatum
848 3991 909 4040 arte
937 3991 966 4040 et
992 3986 1087 4039 studio
1118 3986 1174 4039 sibi
1205 3986 1404 4044 conformasse.
1452 3990 1598 4057 Ingentem
1627 3983 1706 4034 illam

266 4078 458 4132 differentiam
487 4076 628 4148 dictionis,
652 4093 725 4147 quae
751 4080 794 4130 est
817 4076 891 4129 inter
917 4074 1093 4146 tragoediam
1112 4077 1140 4126 et
1159 4073 1342 4140 comoediam,
1366 4089 1439 4144 quae
1457 4077 1552 4125 tamen
1570 4069 1646 4123 haud
1664 4069 1705 4122 ita

265 4167 354 4220 multo
379 4168 473 4218 aetate
492 4166 633 4235 posterior
652 4169 721 4233 erat,
750 4165 793 4216 ita
818 4164 969 4232 explanare
995 4164 1144 4214 contentus
1163 4169 1206 4214 est
1225 4160 1281 4231 ille,
1302 4163 1334 4212 ut
1352 4160 1459 4212 iudicet
1475 4158 1560 4211 animi
1579 4156 1705 4210 sollertia

265 4258 293 4308 et
322 4254 470 4308 alacritate
500 4251 644 4305 hominum
674 4251 835 4304 Atticorum
863 4266 924 4302 eam
954 4249 1060 4302 factam
1090 4265 1160 4318 esse,
1191 4263 1262 4318 qnos
1286 4247 1361 4300 intra
1394 4249 1453 4299 tam
1479 4261 1585 4315 paucos
1607 4242 1704 4295 'annos

263 4341 391 4411 linguam
413 4356 493 4393 suam
518 4342 576 4390 tam
601 4337 731 4390 funditus
758 4337 922 4390 immutasse
943 4335 1021 4390 dicit.
1065 4335 1129 4405 lpse
1149 4332 1365 4402 Wittekindius‚
1385 4332 1465 4384 cuius
1484 4331 1610 4384 libellum
1628 4328 1704 4381 infra

262 4428 396 4496 laudabo,
415 4431 514 4481 contra
533 4442 596 4479 eum
614 4425 787 4498 disputavit,
806 4425 939 4478 universa
957 4439 1018 4477 mea
1037 4421 1237 4476 dissertatione
1255 4421 1325 4474 haec
1344 4417 1485 4472 sententia
1503 4416 1657 4470 refelletur.

370 4551 392 4622 ¹)
410 4549 454 4609 Cf.
472 4547 568 4619 Speck
594 4547 638 4601 De
657 4546 859 4616 Aristophanis
879 4545 1010 4613 dialecto,
1028 4543 1147 4598 Breslau
1165 4544 1241 4598 1878.

371 4655 393 4722 ²)
425 4652 469 4710 Of.
499 4651 607 4705 scholia
626 4650 656 4703 in
674 4650 846 4719 Dionysium
864 4648 1011 4716 Thracem,
1031 4647 1108 4701 edita
1125 4647 1155 4700 in
1174 4646 1298 4703 Gramm,
1324 4646 1373 4704 Gr.
1392 4646 1447 4701 vol.
1466 4643 1519 4714 Ill,
1544 4660 1573 4713 p.
1590 4643 1650 4711 309,
1668 4641 1714 4696 34.

263 4740 480 4811 amaa
922 4723 924 4726 ’

367 4845 390 4913 ⁸)
408 4843 452 4899 cf.
471 4840 577 4895 iudicia
596 4855 669 4911 quae
687 4840 817 4894 fecerunt
837 4838 925 4896 Arist,
943 4837 1016 4892 rhet.
1034 4838 1059 4907 3,
1077 4836 1094 4890 2
1113 4838 1141 4890 et
1159 4838 1259 4890 auctor
1277 4837 1336 4914 περὶ
1353 4826 1446 4902 ὕψους
1465 4851 1509 4904 cp,
1528 4833 1572 4890 40.
