3796 5518
863 427 1075 492 ,96-

248 616 336 680 facta
352 624 426 680 sunt
438 638 501 680 non
514 636 600 680 raro,
635 614 693 679 Pe.
709 613 771 679 959
789 613 921 700 quidem
932 610 998 690 ποῦ
1011 612 1050 676 δέ
1062 630 1114 676 σοι
1128 610 1331 694 παραστάται
1346 616 1443 681 facile
1454 619 1526 704 quis
1542 619 1692 687 dativum

248 740 347 803 quem
371 719 484 784 dicunt
510 716 653 782 ethicum
677 729 734 783 aut
756 739 936 803 pronomen
951 717 1172 803 possessivum
1188 716 1399 784 intellexerit.
1432 719 1691 789 Sermonem

248 815 421 906 ἀντηρέτας
435 817 584 900 ἐχθροῖσι
598 817 657 883 τόν
672 825 772 899 μέγαν
786 817 909 900 τρόπον
930 817 975 892 εἰς
998 817 1193 897 ἑπτατειχεῖς
1214 815 1344 892 ἐξόδους
1358 821 1444 897 τάξω
1459 819 1567 902 μολόν
1581 826 1690 891 facere

249 947 313 990 non
332 946 515 1010 possumus,
531 926 609 1011 quin
632 922 803 990 verbalem
826 933 1023 989 structuram
1045 945 1270 1006 agnoscamus,
1294 945 1369 988 cum
1390 935 1421 988 et
1444 926 1574 992 dativus
1588 928 1645 991 ille
1660 938 1693 992 et

250 1028 354 1092 verba
386 1022 446 1089 τόν
477 1029 575 1106 μέγαν
608 1024 744 1108 τρόπον,
778 1047 862 1112 quae
892 1048 952 1112 pro
983 1024 1142 1092 adverbio
1171 1029 1280 1112 posita
1309 1039 1391 1109 sunt,
1415 1017 1496 1093 ‘cum
1519 1031 1691 1117 participio

252 1125 424 1212 ἀντηρέτας
451 1130 679 1214 coniungenda
711 1131 782 1195 sint.
826 1129 901 1194 Non
930 1150 1066 1214 prorsus
1087 1129 1204 1193 eedem
1227 1151 1280 1193 res
1302 1142 1352 1194 est
1373 1152 1405 1195 v.
1429 1130 1482 1197 Se.
1506 1132 1569 1196 582
1590 1133 1692 1216 ταάτφ

197 1289 199 1298 ,
253 1230 374 1314 σαφαός
388 1253 424 1296 τε
437 1225 599 1311 κάγαθοὺς
613 1225 789 1316 ἀντηρέτας
805 1235 950 1311 πέμπειν
961 1227 1093 1295 έπαινιό.
1123 1231 1361 1298 Gravissimum
1374 1244 1483 1298 autem
1494 1234 1693 1321 exemplum,

254 1338 340 1424 quod
369 1346 578 1424 comparetur
601 1358 674 1400 cum
700 1336 800 1400 eisin
823 1355 888 1414 τωρ
912 1356 996 1420 quae
1018 1334 1115 1399 modo
1138 1335 1269 1422 protuli,
1293 1336 1413 1420 legitur
1435 1338 1492 1404 Pe.
1511 1338 1575 1403 984
1596 1332 1695 1418 μυρία

254 1436 461 1521 πεμπαστάν,
484 1438 572 1526 quod
595 1439 746 1504 ultimum
775 1459 894 1502 nomen
918 1447 966 1502 est
988 1439 1021 1501 in
1043 1458 1108 1521 της,
1140 1461 1157 1500 e
1180 1461 1245 1524 quo
1265 1438 1386 1524 pendet
1409 1441 1625 1506 accusativus.

338 1527 438 1629 Apud
464 1541 660 1628 Sophoclem
684 1543 716 1604 in
739 1541 850 1605 verbis
872 1532 913 1610 ἀς
934 1533 984 1619 ἀμ’
1006 1533 1124 1603 οὔποτε
1146 1535 1272 1615 δέξεαθ
1295 1535 1338 1604 ἔτ’
1363 1536 1399 1604 ἒν
1419 1534 1559 1605 κοίταιαι
1590 1534 1695 1607 ταῖσδ’

256 1637 425 1728 εόνητριαν
461 1645 516 1710 Tr.
559 1645 621 1709 922
657 1643 827 1708 -verbalem
865 1655 1064 1708 structuram
1094 1647 1200 1709 inesse
1230 1667 1295 1709 non
1324 1645 1560 1711 contendemus
1588 1668 1696 1733 neque

256 1751 360 1834 magis
393 1751 426 1812 in
457 1748 508 1812 Αἱ.
538 1770 638 1812 versu
671 1749 751 1812 1092
785 1742 821 1809 έν
849 1744 1005 1809 θανοῦσιν
1033 1743 1183 1830 ὑβριστὴς
1204 1751 1287 1832 γένη,
1317 1770 1390 1812 cum
1413 1743 1553 1829 όβρίζειν
1575 1745 1610 1812 ἔν
1632 1771 1698 1812 τινι

257 1873 321 1915 non
344 1851 483 1934 legatur.
527 1849 738 1915 Adiectivum
761 1852 870 1934 potius
893 1872 964 1915 esse
988 1850 1134 1915 dicemus
1156 1843 1319 1934 ὑβριστής,
1348 1851 1464 1917 eodem
1488 1851 1583 1918 modo
1607 1875 1698 1917 usur·

258 1965 381 2041 petum,
419 1976 483 2040 quo
515 1949 550 2016 ἐν
586 1949 657 2033 ἐμοὶ
695 1949 820 2033 θρασός
857 1953 979 2018 ibidem
1023 1953 1114 2019 1315.
1172 1953 1256 2020 Cum
1294 1954 1406 2018 dativo
1443 1977 1503 2041 pro
1541 1953 1697 2020 adverbio

259 2058 467 2122 coniunctum
483 2057 623 2142 legimus
644 2053 787 2120 πελόταν
809 2057 867 2122 Ph.
887 2058 971 2122 1164
993 2056 1137 2120 πέλασον
1160 2047 1268 2140 εόναίηι
1282 2053 1372 2141 πόσρ
1386 2053 1537 2122 πελάταν.
1574 2058 1699 2124 Addita

260 2170 370 2225 antem
394 2160 514 2246 copula
537 2157 606 2240 εἰμι’
625 2164 790 2226 invenitur
813 2152 986 2244 ὀφειλέτης,
1007 2161 1053 2224 ita
1076 2171 1112 2225 ut
1135 2160 1320 2243 significatu
1343 2159 1480 2224 accedat
1502 2160 1700 2225 adverbum

262 2257 414 2344 ὀφείλειν,
453 2287 470 2326 e
510 2285 574 2349 quo
612 2265 758 2350 pendere
796 2263 879 2330 solet
915 2264 1104 2344 infinitivus,
1142 2263 1194 2330 Αἰ.
1225 2263 1289 2329 590
1322 2258 1365 2332 ὦς
1393 2258 1486 2326 οὐδέν
1508 2257 1617 2345 ἀρκεῖν
1638 2255 1699 2344 εἰμ’

262 2356 429 2450 ὀφειλέτης
461 2362 516 2431 ἔτι.
561 2367 739 2433 Verbalem
770 2377 967 2432 structuram
999 2367 1217 2432 restituebant
1245 2366 1402 2447 nonnulli,
1436 2377 1473 2430 ut
1504 2366 1701 2433 Schaeferus

262 2477 294 2532 et
317 2466 519 2551 Dindorfius,
543 2471 594 2534 Αἰ.
612 2463 779 2548 librum
803 2478 967 2536 mutarent
990 2470 1094 2534 verba
1117 2467 1178 2532 τὸν
1200 2470 1257 2532 τοῦ
1277 2474 1429 2548 μανέντας
1449 2460 1701 2551 κάπιβααλενταῠ

262 2572 396 2652 στρατοῦ
420 2568 570 2651 ξύναιμον
593 2569 829 2644 ἀποκαλοῦντες
850 2577 883 2638 ότι
897 2624 903 2640 .
917 2623 946 2638 ..
969 2565 1221 2654 κάπιβααλενταό
1245 2573 1391 2656 στρατῷ.
1406 2622 1454 2655 ..,
1478 2574 1570 2639 cuius
1592 2582 1702 2638 tamen

262 2676 449 2739 mutationis
474 2675 578 2742 malus
601 2677 668 2760 ille,
691 2679 810 2742 nostris
834 2676 966 2763 quidem
983 2675 1127 2758 auribus,
1144 2699 1241 2742 sonus
1256 2677 1434 2740 verborum
1449 2668 1701 2757 κάπιβααλεντοό

264 2776 404 2857 στρατοῦ
427 2779 511 2843 iusta
534 2801 632 2844 cause
655 2803 718 2856 non
744 2789 801 2847 est.

370 2879 610 2966 Frequentioru
637 2894 746 2949 autern
769 2907 845 2948 usus
869 2882 1013 2948 verbalis
1036 2882 1190 2967 exempla
1212 2882 1366 2966 leguntur
1388 2879 1476 2964 apud
1501 2879 1703 2965 Euripidem.

265 2981 377 3046 Verbo
400 2983 512 3048 addito
535 2989 673 3050 nominis
693 2989 742 3050 vis
765 2987 951 3071 infringitur
973 2985 1022 3049 his
1045 2985 1142 3049 locis:
1175 2985 1237 3048 Me.
1261 2985 1324 3048 4'l8
1353 2983 1551 3061 πεμφθέντα
1578 2976 1705 3061 ταόρων

267 3081 448 3164 πνρπνόων
482 3081 661 3172 ἐπιστάτην
695 3086 916 3171 ζεόγλαισινλ),
953 3089 1016 3154 An.
1054 3088 1116 3153 977
1154 3081 1172 3149 ό
1203 3078 1232 3149 δ’
1259 3076 1298 3170 ἦν
1327 3080 1476 3167 ὑβριστὴς
1508 3079 1540 3154 ἔς
1567 3075 1595 3146 τ’
1627 3079 1705 3166 έμῐης

266 3184 387 3270 Wolff
421 3185 533 3269 φόνον.
593 3193 708 3256 Multis
741 3204 849 3258 autem
882 3192 964 3258 locis
986 3215 1060 3257 cum
1099 3188 1394 3278 praepositionibus
1423 3189 1597 3252 coniuncta
1632 3194 1706 3250 sunt

267 3293 408 3356 nomina.
453 3292 518 3357 Me.
534 3295 596 3359 206
612 3291 671 3357 τόν
694 3294 729 3359 έν
743 3296 829 3377 λέχει
851 3292 1025 3378 προδόταν,
1056 3295 1112 3360 Su.
1135 3297 1199 3360 902
1222 3290 1257 3356 ἐν
1280 3287 1396 3356 ἀσπίδι
1417 3283 1521 3359 δεινός
1543 3286 1707 3370 σοφιστής,

268 3392 324 3459 Su.
341 3395 405 3460 280
429 3393 564 3460 οἴκτισαι
586 3391 670 3479 ἀμφὶ
692 3401 808 3463 τέκνων
828 3393 862 3478 μ’
884 3397 999 3480 ἱκέταν,
1023 3399 1078 3465 Tr.
1095 3399 1158 3463 426
1181 3395 1211 3460 αἱ
1233 3395 1309 3476 περὶ
1333 3389 1506 3474 ταράνναας
1527 3390 1579 3452 καὶ
1593 3385 1708 3458 πόλεις

269 3487 434 3579 ἀπηρέτσι,
457 3499 506 3565 ΕΙ.
531 3501 590 3566 821
616 3498 775 3586 Πυλάδην
796 3502 856 3583 μὲν
878 3495 973 3566 εἵλετ’
995 3498 1030 3564 ἐν
1051 3496 1166 3569 πόνοις
1187 3491 1359 3584 ὑπηρέτην,
1382 3497 1437 3563 Or.
1454 3496 1519 3561 574
1541 3487 1609 3578 ἥτις
1629 3486 1709 3572 μεθ’

269 3590 380 3660 ὅπλων
416 3595 505 3682 ἄνδρ’
538 3596 655 3667 ἀπόντ’
685 3603 719 3668 ἐκ
758 3607 915 3686 δωμάτων
955 3601 1060 3688 πάσης
1096 3598 1180 3685 ὑπὲρ
1217 3604 1273 3686 γῆς
1304 3596 1457 3667 Ἑλλάδος
1491 3591 1710 3680 στρατηλάτην

271 3696 448 3784 προῦδωκε,
485 3706 564 3772 Her.
598 3711 660 3774 140
692 3705 728 3771 ἐκ
756 3708 812 3792 τῆς
845 3705 981 3789 έμααταῦ
1009 3705 1127 3771 τούσδε
1161 3707 1325 3790 δραπέτας
1347 3702 1436 3782 ἔχων,
1459 3723 1600 3787 quocum
1623 3721 1709 3763 corn·

271 3816 404 3890 paretur
419 3829 534 3874 versus
553 3812 612 3879 Ba.
632 3815 715 3878 1370
730 3809 865 3875 ἐκλείπω
883 3807 912 3874 α’
928 3809 986 3874 ἐπὶ
1008 3811 1162 3892 δυστυχίᾳ
1184 3805 1285 3891 φυγὰς
1306 3803 1342 3870 ἐκ
1363 3803 1530 3884 θαλάμων.
1561 3799 1712 3867 Verbum

272 3917 380 3972 autern
411 3911 545 3977 additur
567 3917 699 3996 nomini,
729 3927 761 3980 et
786 3917 893 3980 exeis
916 3915 1045 3980 duobus
1069 3913 1239 3979 vocabulis
1262 3911 1442 3977 coniunctis
1463 3907 1587 3992 pendet
1607 3905 1713 3969 infini·
1737 3979 1741 3986 ι

271 4012 358 4077 tivus
388 4015 434 4078 ita
464 4026 499 4081 ut
531 4041 548 4081 e
578 4019 692 4101 verbo,
727 4018 815 4104 quod
847 4021 932 4082 inest
953 4021 986 4082 in
1008 4020 1146 4099 nomine,
1182 4017 1260 4081 Her.
1284 4017 1325 4080 33
1357 4010 1456 4075 ἱκέται
1478 4007 1713 4087 καθεζόμθσλα

271 4108 388 4193 βώμιοι
408 4119 497 4180 θεῶν
525 4121 788 4206 προσωφελῆσαι,
810 4121 871 4188 Rh.
895 4121 993 4191 965λὸ
1017 4113 1173 4203 ὀφειλέτις
1201 4119 1241 4181 δέ
1258 4139 1315 4196 μαι
1337 4113 1410 4185 τοὺς
1433 4106 1565 4194 λὶρφέως
1586 4110 1714 4189 τιμῶσα

273 4221 450 4295 φαίνεσθαι
480 4223 604 4303 φίλους,
634 4228 689 4290 ubi
720 4225 816 4290 facile
839 4224 1011 4312 suppletur
1037 4219 1130 4289 ἐστίν.
1177 4223 1329 4308 Denique
1353 4240 1447 4284 casus
1470 4214 1631 4299 obliquus,
1655 4212 1714 4297 qui

274 4321 377 4386 verbo
406 4328 496 4408 posci
520 4327 610 4407 solet,
641 4331 761 4394 nomini
784 4327 914 4394 additus
937 4339 985 4393 est
1008 4326 1136 4392 duobus
1166 4325 1256 4390 locis.
1294 4323 1357 4389 Fr.
1380 4320 1444 4387 852
1466 4319 1551 4384 enirn
1573 4315 1714 4399 legimus

276 4414 365 4492 ὅστις
388 4423 425 4487 δὲ
445 4422 520 4500 τοὺς
541 4426 702 4513 φύσαντας
723 4428 769 4514 μὴ
792 4433 891 4512 τιμᾶν
911 4431 993 4517 θέλη
1013 4425 1060 4514 μή
1073 4452 1131 4510 μαι
1154 4433 1277 4508 γένοιτο
1296 4424 1379 4510 μήτε
1395 4417 1556 4504 σννθότης
1573 4416 1712 4498 θεαῖςῖ);

276 4525 334 4590 Βα.
351 4527 450 4609 twa
479 4543 585 4598 exstat
607 4534 720 4616 διαβάς
737 4585 744 4600 .
762 4586 770 4604 .
787 4585 795 4602 .
815 4542 819 4614 Ι
839 4535 970 4598 Λυδίαν
991 4554 1037 4617 τε,
1059 4526 1118 4597 τόν
1134 4523 1334 4611 εὐδαιμονίας
1352 4526 1358 4610 Ι
1377 4528 1504 4608 βροτοῖς
1522 4512 1715 4602 ὀλβοδόταν,

381 4753 403 4819 ¹)
423 4751 466 4808 cf.
485 4772 557 4824 quae
575 4757 721 4812 Arnimius
740 4759 776 4812 ed
795 4759 813 4812 l.
832 4757 988 4812 annotavit.

383 4845 404 4918 r)
422 4846 573 4901 Traditum
592 4852 634 4902 est
652 4857 712 4913 ταῖς
729 4845 813 4912 θεαῖς.
