3796 5518
874 411 1085 476 ..34-

368 601 471 690 Apud
504 601 647 666 comicos
681 602 767 665 enim
801 620 878 664 raro
912 598 965 663 hic
996 597 1134 685 pluralis
1163 618 1224 685 pro
1257 595 1416 684 singulari
1445 600 1565 684 legitur
1596 607 1627 664 et
1659 601 1707 665 ita

263 706 397 793 quidem
437 713 624 791 usurpatae,
660 713 697 768 ut
733 704 783 768 vis
813 703 940 768 numeri
969 701 1106 786 pluralis
1136 723 1154 764 a
1188 702 1346 786 singulari
1375 703 1509 767 recedat
1532 714 1563 766 et
1585 724 1706 768 novum

265 811 359 895 quasi
390 830 509 872 nomen
539 808 683 871 exsistat.
736 804 790 869 Sic
818 803 939 886 τρόποι
967 813 1041 869 sunt
1072 824 1180 868 mores
1212 803 1274 890 Eq.
1300 804 1351 886 46,
1383 804 1432 872 Pl.
1456 805 1497 870 36
1528 804 1706 892 multisque

263 912 360 993 locis3
398 905 492 990 γάμοι
538 917 613 972 sunt
648 908 718 972 dies
753 907 828 971 festi
865 897 1053 992 nuptiarum
1090 907 1148 973 Pa.
1184 906 1266 972 1192
1302 905 1362 988 al.;
1397 907 1560 991 pluralem
1596 909 1707 985 μανίαι

265 1013 442 1078 scholiasta
465 1012 508 1077 ad
530 1009 593 1076 Nu.
617 1010 680 1077 832
702 1010 888 1092 Atticorum
910 1009 1081 1096 proprium
1105 1030 1176 1072 esse
1199 1016 1348 1090 annotat3
1372 1009 1494 1094 plurali
1517 1009 1574 1074 illo
1597 1010 1706 1090 φυγαί,

264 1117 322 1201 qui
344 1114 466 1199 legitur
488 1113 547 1179 Ec.
570 1113 632 1178 243
654 1108 689 1176 ἓν
711 1119 780 1183 ταῖς
802 1118 914 1194 φυγαῖς
935 1106 1019 1191 μετὰ
1040 1101 1177 1192 τάνδρὸς
1200 1104 1295 1195 ᾤκησ
1319 1106 1354 1174 ἐν
1376 1113 1483 1191 πυκνί,
1506 1101 1614 1177 Attici
1632 1133 1708 1199 pro·

267 1218 461 1301 scriptiones
496 1215 570 1280 illas
603 1216 804 1300 significasse
838 1215 1003 1296 videntur,
1038 1235 1122 1299 quae
1152 1235 1171 1278 a
1201 1215 1335 1298 triginta
1363 1217 1513 1300 tyrannis
1540 1207 1708 1280 ihstitutae

267 1327 378 1401 erant;
410 1318 526 1383 eadem
549 1318 635 1382 enim
657 1340 725 1382 vox
747 1317 869 1402 legitur
892 1315 1008 1381 eodem
1032 1337 1129 1381 sensu
1150 1316 1238 1400 apud
1261 1315 1440 1381 Isocratem
1465 1306 1533 1382 184Ι
1549 1340 1577 1382 a.
1623 1316 1707 1383 Oon'·

267 1433 432 1488 oretorum
456 1433 565 1486 autem
588 1425 753 1502 nominum
775 1420 921 1508 plurales
942 1420 1001 1484 hos
1022 1419 1170 1504 legimus.
1221 1409 1337 1488 ’(δνίδες
1358 1420 1416 1484 Pa.
1439 1419 1461 1483 4
1483 1432 1516 1484 et
1546 1414 1709 1500 duceudos

268 1526 328 1591 Pa.
353 1527 416 1591 790
449 1524 625 1589 collectiva
656 1532 747 1605 sunt3
783 1528 881 1603 μέσαι
902 1517 1013 1592 νύκτες
1042 1523 1103 1588 Vc.
1126 1521 1189 1588 218
1219 1520 1422 1587 Graecorum
1452 1543 1623 1588 commune
1644 1532 1709 1604 est3

269 1627 393 1715 plurali
408 1631 562 1709 κροκωτοί
582 1629 683 1714 utitur
700 1627 760 1691 Th.
776 1627 838 1691 941
856 1625 1078 1690 Mnesilochus
1100 1647 1198 1710 quem
1221 1624 1370 1706 dicimus,
1393 1626 1485 1689 cuius
1507 1646 1612 1688 sermo
1628 1647 1709 1710 prae

269 1753 306 1796 se
345 1731 410 1796 fert
448 1752 577 1815 semper
607 1731 770 1813 tragicum
807 1729 959 1807 colorem,
1000 1727 1040 1791 of.
1063 1727 1142 1794 Eur.
1165 1727 1218 1792 El.
1243 1727 1314 1808 162,
1336 1727 1418 1793 Hec.
1441 1727 1515 1809 924,
1537 1748 1613 1792 cum
1635 1727 1708 1790 Ari·

270 1833 449 1919 stophanes
485 1835 555 1918 ipse
592 1853 751 1918 usurpare
783 1831 885 1896 soleat
914 1829 1122 1914 singularem,
1151 1829 1244 1894 velut
1268 1829 1328 1894 Th.
1351 1829 1424 1911 253,
1454 1829 1514 1896 Ra.
1541 1830 1596 1911 463
1619 1823 1713 1891 αὐλοί

269 1945 381 2000 autem
413 1935 470 2000 Ec.
506 1934 567 1999 891
602 1933 726 2019 duplex
758 1933 840 1999 tibia
875 1942 935 2014 est,
959 1942 996 1997 ut
1025 1930 1218 2014 φυσαλλίδας
1246 1931 1309 2018 Ly.
1335 1932 1425 1998 1245.
1470 1931 1606 1997 Praeter
1628 1930 1710 1996 haec

270 2059 357 2123 quae
382 2036 506 2123 protuli
529 2035 683 2121 exempla
705 2057 949 2122 nonnumquam
972 2036 1083 2098 inveni
1105 2033 1267 2119 pluralem
1291 2033 1465 2118 singularis
1479 2035 1553 2099 vice
1568 2037 1710 2120 positum

269 2141 303 2203 111
339 2141 474 2204 canticis
511 2149 566 2204 aut
596 2137 682 2204 elate
716 2148 750 2203 et
778 2137 1050 2224 paratragoedice
1080 2138 1220 2202 dictum:
1257 2134 1377 2217 θρόνοι
1398 2138 1462 2204 Αν.
1488 2133 1581 2219 1732,
1613 2133 1711 2200 τόποι

270 2241 332 2308 Th.
358 2243 432 2321 664,
454 2232 552 2321 ἀρχαί
571 2240 630 2308 Ve.
654 2241 728 2322 886,
754 2235 846 2320 ἕδραι
868 2241 931 2304 Av.
955 2239 1028 2322 216,
1051 2239 1112 2303 Th.
1135 2239 1208 2320 889,
1231 2239 1290 2305 Ra.
1314 2240 1387 2322 324,
1414 2245 1516 2322 φοναί
1532 2241 1596 2305 Av.
1620 2241 1712 2321 1070,

269 2342 429 2428 μυκτῆρες
463 2343 520 2408 Pa.
546 2342 617 2426 158,
647 2339 749 2426 ψάλια
771 2344 828 2408 Ρο.
855 2343 925 2425 155,
948 2336 1071 2423 ἄροτρα
1099 2341 1147 2406 Pl.
1171 2342 1244 2423 515,
1277 2343 1427 2425 σκῆπτρα
1457 2343 1519 2408 Av.
1543 2344 1615 2426 510,
1638 2344 1711 2426 636,

269 2448 440 2520 ξυνουσίαι
460 2445 520 2514 Th.
544 2447 596 2530 21,
617 2449 762 2526 ναυαγίαι
784 2445 844 2510 Th.
868 2446 941 2525 873,
963 2446 1052 2524 γοναί
1072 2445 1131 2512 Ec.
1154 2444 1183 2526 3,
1203 2447 1290 2528 νείκη
1312 2443 1373 2510 Ra.
1396 2446 1469 2512 818.

378 2549 550 2633 Respectis
582 2548 731 2614 omnibus
760 2549 810 2614 his
841 2547 1000 2634 exemplis
1028 2547 1190 2633 pluralem
1222 2547 1395 2633 singularis
1425 2548 1498 2613 loco
1531 2547 1713 2616 adhibitum

270 2675 336 2718 non
366 2674 437 2717 esse
467 2651 616 2716 videmus
645 2652 707 2720 nisi
730 2652 906 2716 admodum
936 2671 1119 2736 paucorum
1138 2651 1314 2732 nominum,
1337 2672 1421 2736 quae
1444 2661 1535 2715 certo
1559 2650 1711 2736 quodam,

271 2757 329 2840 qui
353 2778 371 2819 a
395 2754 554 2837 singulari
576 2754 750 2839 discrepat,
774 2753 961 2838 significatu
983 2753 1135 2838 praedita
1163 2761 1247 2835 sunt,
1276 2754 1322 2817 ita
1343 2763 1380 2817 ut
1403 2755 1496 2837 quasi
1518 2755 1552 2817 in
1574 2754 1713 2820 formam

270 2855 450 2944 pluralium
472 2865 599 2920 tantum
623 2879 708 2942 quae
731 2855 885 2922 dicuntur
906 2857 1055 2922 abierint.

379 2959 451 3024 Iam
496 2968 604 3025 autem
651 2958 694 3024 ad
731 2958 829 3023 finem
868 2959 1029 3044 perducto
1065 2957 1126 3022 hoe
1165 2979 1307 3022 excursu
1342 2955 1383 3021 de
1419 2979 1555 3022 numero
1592 2957 1714 3045 plurali

217 3116 221 3125 .
272 3063 446 3147 singularis
468 3064 541 3127 vice
565 3063 682 3150 posito,
706 3083 804 3146 quem
828 3082 935 3146 neque
958 3063 1088 3125 omnino
1106 3062 1256 3124 omittere
1278 3081 1386 3145 neque
1400 3061 1505 3144 magis
1521 3059 1713 3125 contrahere

271 3167 375 3252 potui,
399 3166 441 3230 ad
465 3165 611 3231 ordinem
633 3167 838 3252 propositum
863 3166 1144 3229 commentationis
1165 3163 1275 3228 redeo.

389 3267 569 3333 Commune
601 3288 719 3332 nomen
755 3289 816 3352 pro
846 3275 939 3353 patre
977 3278 1025 3331 est
1054 3266 1179 3350 πατὴρ,
1215 3276 1327 3331 cetera
1357 3269 1464 3331 omnia
1492 3290 1512 3332 a
1542 3266 1714 3351 tragoedia

273 3371 345 3436 sola
386 3369 639 3457 usurpabantur.
698 3370 825 3435 Eodem
862 3370 971 3452 modo,
1012 3390 1076 3456 (pro
1114 3364 1134 3452 ἡ
1169 3373 1315 3442 τεκοῦσα,
1353 3392 1373 3434 a
1401 3371 1536 3454 tragicis
1572 3362 1714 3431 διεκών

271 3495 405 3559 quoque
455 3474 570 3558 copiae
609 3473 787 3538 verborum
829 3472 977 3538 additum
1021 3484 1080 3556 est,
1121 3473 1211 3559 quod
1246 3473 1385 3557 legimus
1418 3495 1446 3539 e.
1480 3495 1512 3558 g.
1547 3470 1606 3538 Oh.
1641 3469 1714 3551 686,

277 3575 344 3644 00.
374 3576 465 3659 1108,
489 3577 531 3641 al.
575 3577 753 3660 Euripides
784 3574 901 3641 deinde
931 3586 1009 3640 nota
1038 3599 1097 3640 sua
1126 3597 1203 3640 usus
1224 3575 1356 3640 licentia
1384 3576 1460 3639 huic
1488 3575 1612 3640 nomini
1640 3595 1715 3658 par·

272 3679 411 3765 ticipiali
441 3679 621 3763 genitivum
644 3677 793 3744 adiunxit
819 3677 871 3745 El.
895 3676 958 3744 335
980 3668 1001 3739 ὅ
1017 3670 1044 3740 τ’
1067 3673 1190 3742 ἐκείνου
1213 3673 1313 3741 τεκών
1322 3678 1357 3759 1),
1386 3678 1499 3743 addito
1522 3666 1547 3739 ὦ
1570 3678 1612 3742 ad
1634 3675 1714 3740 allo·

272 3782 443 3868 quendum
466 3781 554 3846 idem
575 3783 747 3868 usurpavit
768 3781 841 3846 HF.
863 3780 927 3846 975
950 3769 975 3842 ὦ
996 3775 1105 3860 τεκών,
1128 3783 1161 3843 τί
1174 3781 1269 3864 δρᾷς,
1298 3783 1391 3843 τέκνα
1412 3784 1563 3863 κτείνεις,
1593 3800 1657 3865 quo
1679 3780 1714 3842 in

160 3938 163 3944 ,
272 3884 346 3950 loco
387 3883 476 3970 quod
520 3884 654 3949 offendit
692 3884 982 3949 Wilamowitzium
1017 3884 1104 3948 infra
1145 3885 1368 3949 confecturum
1406 3906 1458 3950 me
1496 3905 1568 3947 esse
1606 3901 1712 3967 spero.

273 3987 436 4072 Analogia
457 3989 524 4052 eius
548 3985 636 4072 quod
658 3995 708 4050 est
733 3983 751 4047 δ
773 3982 873 4048 τεκών
904 3988 1021 4052 ductus
1051 3984 1226 4074 Euripides
1249 3985 1312 4050 sibi
1334 3987 1429 4050 finxit
1453 3977 1470 4046 δ
1491 3981 1604 4069 φύσας,
1626 3983 1715 4069 quod

273 4087 468 4173 Sophocles,
501 4091 556 4175 qui
586 4091 620 4152 in
648 4090 755 4176 prima
784 4088 898 4154 fabula
922 4110 1021 4174 quam
1045 4087 1177 4175 quidem
1199 4088 1356 4154 habemus
1379 4091 1509 4154 omnino
1531 4085 1714 4172 ignorabat,

274 4199 390 4276 postea
432 4194 569 4276 recepit,
621 4190 859 4276 Aristophanes
900 4188 961 4254 Ve.
1001 4191 1083 4256 1472
1126 4193 1159 4256 in
1197 4193 1324 4256 cantico
1360 4191 1500 4276 scripsit.
1566 4189 1715 4254 Tertium

239 4385 241 4390 Ι
274 4294 412 4379 legimus
435 4294 523 4383 apud
544 4317 645 4361 unum
659 4293 855 4380 Sophoclem
879 4287 1075 4378 δφνιείισας
1102 4294 1157 4360 Tr.
1177 4295 1268 4376 1244,
1291 4294 1350 4359 Ph.
1367 4295 1439 4360 904.
1473 4291 1590 4357 Cetera
1606 4300 1714 4355 autem

383 4566 406 4632 1)
425 4563 585 4618 Secundum
613 4581 654 4634 oa,
679 4581 752 4634 quae
781 4563 959 4617 Wecklinius
979 4563 1136 4634 annotavit,
1155 4562 1256 4616 ἐκεῖνον
1274 4564 1410 4618 traditum
1428 4568 1485 4633 est,
1512 4563 1600 4617 ceteri
1619 4578 1714 4616 omnes

273 4647 382 4702 ἐκείνου
411 4649 552 4704 exhibent.
588 4651 652 4706 Non
676 4651 749 4704 bene
776 4668 839 4704 cum
868 4650 923 4704 hoc
948 4650 1011 4703 loco
1036 4654 1272 4718 comparaverunt
1291 4650 1419 4721 Weilius,
1444 4651 1494 4704 alii
1520 4668 1545 4708 v.
1580 4649 1629 4705 Pe.
1664 4649 1716 4702 248

276 4729 352 4789 duraci
370 4755 415 4790 τοι
432 4735 514 4806 λέγεις
532 4737 636 4790 ἰόντων
661 4743 720 4802 τοῖς
747 4742 859 4790 τεκοῦσι
883 4737 1041 4812 φροντίσαι.
1087 4735 1224 4807 Aeschyli
1251 4754 1308 4792 uon
1336 4743 1379 4792 est
1406 4737 1513 4791 nomini
1542 4737 1717 4808 participiali

273 4822 431 4894 adiungere
451 4822 623 4894 genitivum3
641 4821 743 4878 ἰόντων
762 4823 942 4878 referendum
961 4826 1004 4876 ost
1022 4822 1059 4876 ad
1077 4824 1237 4898 φροντίσαι.

1885 1721 1890 1884 1
