3796 5518
835 409 1043 473 ..41-

224 594 362 674 scilicet>
378 595 502 675 statuit,
522 615 543 658 a
556 591 660 656 λνπέω
685 601 717 657 et
738 587 800 679 βοή
822 617 842 659 a
861 589 959 675 βοάω,
982 617 1024 659 an
1046 594 1108 660 hoc
1125 595 1167 660 ab
1190 595 1246 661 illo
1263 597 1448 663 derivatum
1463 600 1511 681 sit,
1524 597 1665 687 despero

222 699 268 762 ita
293 697 465 762 diiudicari
488 717 596 783 posse,
623 706 659 760 ut
687 695 768 760 nihil
792 696 1006 762 dubitationis
1030 696 1265 783 relinquatur.“
1318 698 1394 763 Non
1423 702 1522 784 igitur
1550 714 1663 787 aperte

223 799 306 864 dixit
327 795 412 882 λύπη
435 821 553 863 nomen
578 820 647 863 esse
674 798 819 882 verbale,
844 800 902 865 sed
925 813 1033 864 tamen
1057 809 1115 866 aut
1137 824 1256 866 nomen
1278 823 1298 866 a
1320 802 1424 867 verbo
1448 813 1504 869 aut
1525 804 1665 869 verbum

223 927 244 969 a
266 905 397 968 nominc
417 903 551 966 ductum
574 923 644 966 csse
667 901 833 968 iudicavit.

327 1002 448 1071 Omnes
465 1004 523 1068 hos
546 1005 635 1069 viros
655 1005 786 1070 nomina
810 1014 842 1069 et
864 1027 883 1068 a
905 1006 1017 1070 radice
1040 1003 1148 1084 ducta,
1170 1015 1207 1070 ut
1228 1002 1322 1085 βάσις
1344 1005 1464 1086 γνῶσις,
1481 1017 1514 1073 et
1527 1031 1547 1072 a
1561 1009 1665 1074 verbo

224 1108 383 1186 derivata,
413 1120 448 1172 ut
475 1111 602 1190 ποίησις
628 1100 771 1190 ἄρνησις,
802 1109 967 1192 accepisse
1003 1107 1153 1172 verbalia
1182 1111 1403 1193 cognovimus.
1453 1111 1524 1176 Iam
1547 1119 1667 1192 autem,

224 1221 261 1275 ut
282 1233 335 1276 res
359 1209 562 1289 conficiatur,
586 1209 723 1275 alterum
747 1209 915 1295 antiquum
938 1212 1188 1295 grammaticum
1210 1211 1419 1278 advocemus.

328 1312 509 1396 Dionysius
544 1310 658 1376 Thrax
698 1314 817 1394 Τέχνης
854 1334 933 1377 suae
967 1334 1002 1397 p.
1036 1312 1129 1376 6341)
1160 1333 1278 1377 nomen
1309 1313 1412 1379 dividi
1442 1313 1520 1380 dicit
1543 1317 1576 1380 in
1599 1315 1666 1380 duo

226 1413 306 1498 εἴδη,
339 1409 559 1497 πρωτοτὺπων
589 1414 712 1478 scilicet
699 1424 774 1478 tet
802 1411 1009 1497 παραγώγων.
1053 1415 1182 1480 Horum
1209 1424 1319 1482 autem
1348 1419 1516 1481 nominum
1540 1417 1666 1482 deriva

228 1531 334 1584 torum
364 1515 435 1601 εἴδη
465 1527 540 1582 sunt
569 1528 705 1636 septem,
738 1519 897 1603 equibus
919 1541 1019 1582 unum
1043 1529 1091 1583 cst
1113 1514 1298 1602 ῥηματικόν,
1329 1520 1418 1604 quod
1448 1542 1480 1606 p.
1504 1518 1596 1584 6351>
1620 1521 1677 1584 sic'

227 1620 424 1687 describitur
384 1615 645 1704 ιιιερηματικδν
674 1616 756 1682 δέ’
740 1638 810 1682 εστι
838 1617 877 1682 τὸ
906 1615 976 1682 α’πδ
1002 1615 1145 1702 ῥήματος
1167 1625 1384 1703 παρηγμένον,
1408 1623 1478 1684 οἱον
1503 1617 1665 1705 Φιλήμων,

227 1719 377 1808 Νοήμων.
421 1723 473 1788 En
496 1722 654 1786 habemus
686 1723 919 1801 definitionem,
950 1723 1130 1788 secundum
1161 1745 1260 1809 quam
1291 1733 1453 1808 grammat
1455 1728 1534 1806 icus,
1565 1735 1602 1788 ut
1624 1747 1668 1788 ex

230 1825 390 1913 exemplis
420 1825 529 1890 allatis
559 1824 715 1907 colligere
747 1824 914 1906 debemus,
945 1827 1095 1908 verbum,
1127 1836 1159 1889 et
1187 1825 1270 1892 illud
1294 1826 1426 1911 quidam
1449 1829 1613 1910 integrum
1637 1837 1668 1892 ct

226 1938 431 2013 usurpatum,
455 1950 515 2013 pro
538 1927 751 1993 fundamento
774 1929 912 1992 nominis
936 1928 1080 1994 verbalis
1096 1927 1209 1992 haberi
1224 1928 1306 1995 vult.
1340 1930 1416 1994 Non
1432 1931 1518 1993 enim
1532 1930 1668 2015 praebet

228 2029 391 2114 exempla,
425 2032 534 2115 qualia
567 2039 643 2094 sunt
673 2052 700 2096 e.
721 2051 752 2114 g.
785 2027 926 2113 τλήμων,
960 2029 1128 2112 φράδμων,
1157 2053 1242 2116 quae
1271 2054 1290 2094 a
1319 2032 1431 2096 radice
1461 2032 1561 2096 ducta
1584 2042 1668 2100 sunt.

229 2133 324 2197 Haec
347 2143 456 2197 autem
482 2131 627 2197 definitio
650 2133 802 2219 pluribus
825 2134 936 2198 verbis
961 2133 1126 2218 explicata
1149 2146 1198 2198 est
1221 2132 1437 2198 ascholiastis
1451 2135 1482 2219 ¹).
1516 2135 1669 2199 Alterum

229 2237 315 2299 enim
345 2233 503 2300 scholium
534 2234 732 2300 Vaticanum
769 2236 804 2316 (l.
834 2235 854 2299 l.
876 2259 908 2320 p.
939 2237 1015 2314 229)
1045 2236 1127 2300 haec
1149 2234 1301 2320 praebet:
1338 2231 1517 2320 ῥηματικόν
1539 2229 1670 2300 δστινδ

148 2365 151 2370 ·
228 2337 391 2420 παρῆκται
421 2329 488 2399 άπό
516 2332 667 2420 ῥήματος,
697 2325 766 2401 οἷον
793 2336 879 2401 ποιῶ
907 2334 1052 2422 ποιητής,
1082 2332 1194 2419 γράφω
1224 2335 1371 2420 γραφεύς,
1422 2339 1477 2404 Ab
1501 2361 1540 2403 ea
1561 2341 1671 2424 igitur,

230 2461 328 2524 quam
357 2441 570 2523 cognovimus
599 2429 738 2526 Dionysi
770 2440 1003 2523 definitionem,
1034 2440 1118 2505 hanc
1139 2440 1297 2506 recedere
1320 2463 1385 2506 non
1407 2440 1485 2505 nihil
1509 2442 1668 2509 videmus.

229 2541 397 2606 Scholium
429 2554 485 2606 aut
488 2563 539 2605 cm
568 2542 767 2607 Vaticanum
796 2544 887 2630 prius
918 2543 963 2628 (p.
992 2543 1070 2624 228)
1101 2542 1201 2626 paulo
1231 2542 1367 2607 uberius
1390 2554 1449 2626 est,
1477 2566 1551 2609 cum
1574 2545 1670 2609 simul

229 2642 270 2710 de
317 2667 442 2764 genere
482 2647 620 2710 nominis
665 2645 810 2710 verbalis
850 2647 954 2710 verba
1004 2644 1100 2710 fiant:
1151 2638 1327 2728 ῥηματικόν
1378 2641 1466 2708 ἐστιν
1511 2641 1616 2764 ὅηομα
1651 2639 1671 2707 δ

232 2739 358 2826 γεγονδς
379 2741 445 2809 α’πὸ
470 2741 610 2830 ῥήματος
633 2741 791 2828 ἐνέργειαν
805 2772 826 2832 η
810 2740 948 2816 ’πάθος
969 2747 1069 2830 δηλοῖ,
1093 2734 1164 2810 οἷον
1186 2750 1366 2831 πεποίηται
1380 2742 1516 2832 ποιητής
1532 2741 1551 2809 δ
1565 2749 1671 2810 ποιάν

229 2870 269 2932 τι,
290 2848 474 2932 πεποίημαι
494 2853 675 2934 ποίηματο
664 2846 846 2932 ποιηθέν,
872 2849 990 2914 similia
1013 2858 1087 2914 sunt
1109 2848 1268 2915 scholium
1284 2851 1487 2915 Marcianum
1510 2872 1542 2936 p.
1559 2850 1620 2916 377
1637 2862 1671 2915 et

229 2955 439 3020 Londinense
462 2975 494 3038 p.
518 2952 591 3018 543.
1184 3013 1185 3016 ,
1245 2971 1246 2975 ’

330 3057 481 3121 Vidimus
514 3059 547 3120 in
579 3055 703 3120 acholio
733 3055 892 3122 Vaticano
927 3057 1031 3122 altero
1062 3078 1181 3121 nomen
1217 3053 1356 3138 γραφεύς
1391 3065 1562 3143 acceptum
1601 3077 1671 3120 csse

231 3158 375 3239 verbale,
414 3168 445 3223 ct
482 3159 621 3224 tortasse
659 3161 732 3244 quis
769 3159 890 3249 dixerit
925 3158 1077 3246 exempla
1112 3158 1171 3223 illa
1207 3159 1249 3222 ab
1285 3162 1357 3244 ipso
1390 3157 1494 3222 verbo
1525 3157 1624 3222 ducta
1655 3181 1674 3222 a

231 3261 397 3347 Dionysio
431 3262 518 3326 forte
553 3261 653 3324 allata
688 3282 758 3324 esse
786 3283 894 3346 neque
925 3262 1112 3346 impugnari
1142 3261 1188 3324 eis
1218 3259 1358 3325 alterum
1388 3259 1481 3326 illum
1509 3261 1675 3326 formandi

231 3365 375 3446 modum,
412 3386 510 3450 quem
543 3363 633 3448 apud
665 3363 891 3429 Herodianum
924 3365 1153 3429 invenerimus
1208 3364 1327 3448 Itaque
1360 3361 1460 3450 paulo
1492 3365 1675 3428 accuratius

231 3465 336 3530 verba
358 3467 511 3553 Dionysi,
534 3487 618 3551 quae
637 3466 680 3529 ‘de
703 3467 833 3530 nomine
856 3467 945 3546 fecit,
963 3465 1206 3530 consideremus
1222 3486 1363 3550 ,necesse
1381 3473 1437 3532 est.
1472 3465 1511 3528 In
1527 3477 1674 3530 extremo

232 3570 339 3653 capite
368 3569 445 3649 περὶ
479 3561 654 3648 ὀνομάτων,
684 3590 715 3652 p.
746 3567 848 3649 6373,
882 3569 1114 3654 grammaticus
1136 3568 1219 3634 hacc
1243 3567 1357 3632 docet:
1380 3567 1437 3628 τοῦ
1459 3564 1497 3629 δδ
1518 3561 1675 3646 ὀνόματος

232 3671 401 3742 διαθέσεις
434 3668 496 3734 εἰσὶ
531 3668 600 3752 δύο,
635 3665 781 3749 ἐνέργεια
812 3670 865 3733 καὶ
894 3669 1015 3753 πάθος,
1037 3666 1180 3750 ἐνέργεια
1212 3669 1273 3750 μὲν
1303 3663 1343 3732 ὥς
1373 3663 1480 3752 κριτὴς
1509 3663 1678 3752 δκρίνων,

232 3769 343 3843 πάθος
366 3771 402 3836 δὲ
423 3765 464 3844 ὦς
483 3767 592 3854 κριτὸς
617 3767 637 3833 δ
658 3765 856 3852 κρινόμενος.
895 3772 969 3837 Ηοο
993 3774 1197 3838 enuntiatum
1220 3775 1298 3837 satis
1323 3773 1446 3837 clarum
1471 3780 1503 3836 et
1524 3782 1676 3856 apertum

232 3877 329 3940 nimis
350 3875 460 3940 multis
473 3863 516 3940 'ct
539 3875 713 3962 superfluis
736 3874 847 3939 verbis
870 3877 1018 3959 magistri
1040 3877 1073 3939 in
1096 3874 1229 3940 modum
1253 3875 1349 3940 factis
1367 3874 1535 3959 explicare
1552 3871 1676 3938 studuit

233 3978 436 4044 Heliodorus
472 3979 704 4062 grammaticus
732 3975 754 4041 l.
778 3976 799 4042 l.
823 3999 855 4062 p.
880 3978 931 4058 to,
967 3980 1058 4043 cuius
1092 3977 1212 4043 similes
1250 3988 1325 4043 sunt
1358 3987 1540 4042 ceterorum
1579 3997 1676 4040 anno·

235 4082 375 4145 tationes
404 4103 436 4167 p.
460 4103 492 4166 p.
515 4081 589 4162 243,
613 4080 686 4161 399,
718 4081 764 4143 ita
794 4091 830 4143 ut
862 4081 930 4145 eius
960 4079 1064 4144 verba
1093 4081 1196 4144 instar
1218 4081 1361 4145 omnium
1384 4078 1502 4143 afferre
1526 4080 1605 4143 satis
1625 4081 1676 4146 sit.

233 4181 326 4248 Dicit
360 4196 470 4247 autem
503 4182 559 4246 ille
591 4181 690 4247 haec:
725 4185 899 4252 Διαθέσεις
934 4181 1056 4262 μᾶλλον
1093 4186 1137 4267 τῷ
1174 4175 1295 4267 ῥήματι
1328 4177 1469 4260 ἕπονται,
1499 4181 1551 4242 καὶ
1572 4171 1610 4243 οὐ
1631 4183 1678 4265 τῷ

236 4277 389 4364 ὀνόματι·
444 4275 512 4346 ἀλλ’
546 4277 661 4369 ἐπειδὴ
694 4279 855 4370 ῥηματικά
890 4281 973 4348 εἰσιν
1006 4278 1152 4364 δνόματα
1184 4279 1298 4361 ἔχοντα
1333 4283 1386 4346 καὶ
1422 4275 1478 4353 τὰς
1508 4275 1577 4345 άπὸ
1613 4282 1679 4344 τῶν

233 4381 389 4471 ῥημάτων
410 4388 581 4467 διαθέσεις,
603 4383 689 4450 διότι
703 4382 862 4467 ἐνεργείας
884 4378 904 4470 ή
923 4383 1051 4455 πάθους
1073 4382 1136 4449 εἰσὶ
1157 4383 1344 4470 σημαντικά,
1366 4384 1482 4449 τοάτοο
1504 4383 1598 4466 χάριν
1619 4385 1678 4447 τοῦ

236 4483 396 4570 ὀνόματος
417 4482 509 4553 εἶπεν
523 4481 606 4552 εἶναι
618 4486 675 4559 τὰς
688 4490 861 4561 διαθέσεις.
897 4482 990 4572 Πλὴν
1002 4493 1166 4569 μεμπτέος
1180 4485 1269 4552 ἐστὶν
1292 4481 1393 4558 οὕτως
1414 4479 1679 4571 ἀποφηνάμενος,

235 4586 378 4673 δφείλων
399 4591 522 4674 μᾶλλον
544 4585 642 4663 οὕτως
664 4588 778 4656 εἰπεῖν·
818 4588 887 4656 ἔστι
910 4589 947 4654 δὲ
971 4584 1028 4655 ὅτε
1049 4592 1102 4654 καὶ
1124 4592 1286 4662 διαθέσεις
1309 4581 1447 4672 ὁρῶνται
1474 4587 1509 4654 ἐν
1539 4583 1680 4669 δνόμασι

235 4730 543 4742 --.-.——-—

341 4834 363 4902 ¹)
382 4831 497 4888 Scholia
515 4831 592 4886 edita
611 4830 732 4885 suntab
751 4830 903 4902 Hilgardio
923 4829 1047 4885 Gramm.
1067 4829 1116 4886 Gr.
1136 4830 1192 4888 vol.
1211 4829 1265 4884 111.
