3796 5518
722 1272 884 1349 CAPVT
911 1274 1124 1350 PRIMVM.

309 1510 383 1575 Hoc
398 1511 505 1595 primo
522 1511 630 1596 capite
642 1512 793 1576 tractabo
807 1512 1012 1598 quorundam
1025 1510 1262 1578 vocabulorum
1285 1512 1351 1576 vim
1368 1534 1405 1576 ac
1418 1511 1650 1596 significatum,

206 1613 357 1698 neglecta
381 1635 492 1679 corum
517 1614 723 1679 lormatione.
767 1614 878 1700 Atque
913 1615 999 1700 elegi
1029 1615 1161 1700 quidem
1195 1636 1235 1678 ea
1267 1617 1408 1696 nomina,
1432 1615 1551 1700 quibus
1573 1636 1649 1701 pro·

206 1716 399 1802 pinquitatis
422 1716 544 1799 gradus
567 1716 802 1800 significantur,
825 1717 914 1802 quod
938 1741 978 1783 ea
1000 1718 1147 1789 omniurn
1175 1717 1244 1781 fere
1272 1718 1538 1802 frequentissima
1561 1719 1649 1782 inve·

205 1819 338 1882 niuntur
373 1816 462 1904 apud
496 1821 665 1905 utriusque
698 1821 828 1904 generis
861 1829 977 1905 poetas
1011 1832 1045 1885 et
1077 1820 1236 1905 imprimis
1277 1820 1395 1884 idonea
1432 1818 1585 1884 videntur
1608 1817 1651 1883 ad

206 1919 495 1986 demonstrandam
524 1923 693 2009 propriam
715 1921 807 1986 illam
831 1921 1060 2003 differentiam,
1092 1943 1176 2007 quae
1206 1929 1256 1986 est
1284 1922 1367 1986 inter
1389 1921 1594 2007 tragoediam
1618 1931 1651 1986 et

207 2025 419 2090 comoediam.
464 2023 649 2089 Doctorum
671 2047 723 2089 me
757 2047 828 2088 esse
858 2047 967 2111 spero,
990 2033 1023 2089 et
1046 2023 1089 2089 ad
1113 2045 1195 2109 quas
1222 2025 1369 2089 notiones
1399 2035 1487 2089 certa
1516 2025 1651 2089 nomina

205 2127 390 2212 pertineant
411 2127 466 2190 vel
490 2128 609 2212 quibus
632 2125 721 2212 apud
744 2127 825 2191 alios
849 2129 1087 2209 contineantur,
1110 2135 1143 2190 et
1166 2148 1250 2212 quae
1279 2129 1410 2192 nomina
1439 2126 1482 2192 ad
1512 2126 1650 2191 candem

204 2229 370 2293 notionem
393 2229 642 2314 significandam
665 2252 685 2294 a
707 2232 841 2314 tragicis
866 2240 899 2294 et
923 2231 1054 2295 comicis
1078 2231 1185 2316 poetis
1207 2229 1355 2294 adhibita
1377 2233 1450 2298 sint.
1495 2229 1649 2294 Praemo·

118 2363 121 2368 ·
204 2332 349 2396 nendum
371 2339 421 2396 est
442 2353 495 2396 me
526 2354 624 2417 saepe
653 2333 825 2398 brevitatis
856 2354 956 2397 causa
993 2333 1131 2397 vocibus
1165 2331 1357 2417 tragoediae
1391 2342 1425 2397 et
1458 2329 1648 2396 comoediae

204 2457 341 2499 usurum
363 2457 442 2518 csse,
467 2457 541 2500 curn
564 2444 674 2500 tamen
698 2436 804 2500 dicam
827 2457 957 2522 semper
980 2445 1037 2500 aut
1062 2434 1157 2500 huius
1187 2443 1244 2499 aut
1272 2435 1360 2499 illius
1386 2434 1557 2520 proprium
1581 2454 1647 2496 ser·

204 2559 343 2604 monem.
830 2555 833 2561 '

306 2643 353 2708 Ut
375 2642 464 2729 apud
487 2643 678 2722 Homerum,
699 2644 745 2707 ita
766 2641 855 2728 apud
870 2643 1013 2727 tragicos
1032 2651 1149 2727 poetas
1168 2639 1370 2725 significatur
1385 2641 1514 2704 nomine
1529 2637 1648 2711 παιδός

204 2753 237 2810 et
260 2745 347 2810 filius
369 2746 424 2810 vel
446 2744 515 2820 filia
537 2753 691 2833 respectu
723 2745 836 2810 habito
871 2755 1044 2830 parentum
1080 2753 1112 2807 et
1145 2765 1229 2830 puer
1263 2742 1317 2806 vel
1350 2743 1463 2826 puella
1495 2754 1648 2830 respectu

203 2848 314 2913 habito
337 2850 497 2913 maiorum
521 2858 601 2912 natu
623 2857 681 2912 aut
711 2848 897 2933 digniorum
928 2847 1104 2930 hominurn,
1140 2850 1187 2911 ita
1220 2857 1257 2910 ut
1289 2848 1389 2911 cornis
1418 2856 1449 2910 et
1478 2845 1648 2912 familiaris

204 2953 298 3036 quasi
321 2949 501 3037 appellatio
524 2949 582 3014 fiat
603 2951 779 3015 interdum.
823 2951 988 3037 Imprimis
1012 2950 1130 3015 chorus
1152 2949 1213 3014 hac
1245 2972 1328 3014 voce
1358 2951 1471 3031 utitur,
1501 2948 1649 3014 velutin

205 3053 263 3120 Oh.
287 3053 403 3117 fabula
427 3051 562 3118 Orestes
589 3063 622 3118 et
650 3053 794 3134 Electra,
830 3054 947 3118 eodem
980 3052 1077 3117 modo
1115 3051 1205 3139 apud
1239 3049 1437 3136 Sophoclem
1471 3051 1649 3116 Electrae

205 3156 302 3221 choro
319 3160 397 3224 παῖς
412 3164 583 3238 vocantur,
607 3157 672 3241 qui,
695 3158 755 3221 etsi
771 3165 878 3234 aetate
894 3179 960 3221 non
975 3157 1163 3243 provectior
1181 3165 1238 3237 est,
1263 3164 1390 3220 constat
1413 3177 1431 3218 e
1454 3153 1648 3221 mulieribus

203 3261 330 3344 nupti13
353 3257 441 3345 apud
467 3257 662 3344 Sophoclem
686 3282 725 3323 ea
748 3261 858 3341 etiam,
882 3282 967 3345 quae
992 3259 1126 3324 chorum
1151 3259 1250 3342 ducit,
1281 3260 1386 3323 socias
1408 3267 1504 3322 vocat
1525 3256 1648 3327 παῖδας

204 3363 258 3427 Tr.
281 3362 388 3442 821¹).
433 3361 489 3426 Ad
512 3362 666 3426 animalia
682 3384 814 3448 quoque
829 3364 973 3449 pertinet
989 3361 1192 3446 significatus
1206 3363 1345 3426 nominis
1360 3357 1491 3442 παιδός,
1508 3359 1571 3442 Ag.
1588 3358 1647 3442 503

203 3461 406 3529 Chaeremon
435 3465 475 3531 fr.
499 3464 532 3530 5
548 3461 608 3526 τὸν
636 3459 754 3527 κισσόν
784 3465 863 3530 dicit
896 3459 1045 3528 ἐνιαυτοῦ
1076 3464 1187 3531 παῖδα.
1231 3465 1321 3530 Natu
1352 3463 1409 3527 ille
1441 3464 1557 3545 minor,
1591 3464 1648 3549 qui

171 3615 172 3618 η
201 3573 279 3637 παῖς
307 3569 327 3632 i.
352 3590 378 3634 e.
408 3590 491 3655 puer
523 3567 578 3632 vel
611 3568 727 3632 melius
761 3567 967 3632 familiariter
1003 3567 1091 3632 filius
1130 3578 1279 3645 vocatur,
1315 3575 1442 3631 tantum
1475 3565 1579 3648 abest,
1611 3573 1649 3630 ut

203 3671 332 3734 iuvenis
354 3670 407 3734 vel
431 3670 624 3736 adulescens
653 3693 723 3735 esse
757 3669 888 3752 debeat,
921 3683 957 3734 ut
991 3669 1068 3736 OT.
1094 3671 1176 3735 1008
1208 3672 1340 3735 nuntius
1373 3667 1547 3753 Oedipum,
1570 3665 1647 3734 OO.

203 3773 284 3838 1491
309 3773 427 3838 chorus
450 3773 613 3839 Theseum
634 3779 699 3836 παῖ
718 3773 888 3860 appellare
912 3775 1025 3860 possit.
1070 3774 1172 3859 Apud
1194 3795 1295 3839 unum
1314 3780 1424 3837 autem
1448 3769 1646 3856 Sophoclem

201 3876 267 3960 legi
296 3877 427 3940 nomine
464 3869 582 3945 παιδός
612 3878 655 3941 ad
688 3875 922 3964 appellandum
959 3879 1008 3940 uti
1040 3877 1175 3941 fratrem
1213 3886 1245 3939 et
1281 3898 1437 3941 sororem.
1481 3873 1531 3938 El.
1564 3872 1649 3937 1130

202 3973 311 4056 δόμων
338 3975 377 4040 δέ
400 3969 439 4058 o',
462 3966 487 4038 ὦ
508 3985 579 4052 παῖ,
603 3975 757 4060 λαμπρὰν
780 3969 940 4061 ἐξέπεμψ’
961 3974 1019 4058 ἐγώ
1045 4001 1137 4044 soror
1169 3978 1315 4063 fratrem,
1338 3976 1415 4044 00.
1442 3975 1524 4043 1255
1544 3975 1648 4040 frater

202 4102 329 4145 sorores
350 4084 396 4146 sic
420 4081 610 4168 alloquitur.
657 4080 739 4148 Cum
763 4092 873 4148 autern
896 4082 945 4146 his
968 4083 1047 4148 locis
1079 4084 1183 4146 maior
1216 4083 1375 4146 minorem
1408 4089 1515 4160 vocet,
1548 4077 1648 4162 plane

202 4187 382 4270 singulares
415 4195 490 4251 sunt
524 4188 589 4253 duo
620 4186 668 4252 illi
704 4184 1027 4268 versusOC.1420,
1065 4187 1157 4267 1431,
1189 4185 1308 4270 quibus
1341 4183 1509 4268 Antigona
1538 4168 1650 4242 duct

202 4287 348 4374 appellat
371 4289 571 4376 Polynicem,
595 4293 652 4376 qui
675 4292 766 4377 apud
789 4289 986 4375 Sophoclem
1010 4286 1141 4375 quidem
1167 4285 1334 4352 sororibus
1361 4295 1441 4351 natu
1461 4286 1566 4348 maior
1588 4290 1647 4366 est,

305 4458 327 4532 ¹)
357 4458 495 4513 Numeros
524 4459 651 4513 laudabo
683 4459 782 4512 harum
815 4457 970 4512 editionum
1024 4457 1162 4527 Aeschyli
1194 4455 1318 4525 fabulae,
1346 4455 1389 4528 ed.
1421 4455 1456 4510 N.
1488 4452 1647 4523 Wecklein,

200 4545 326 4600 Berolini
346 4547 426 4616 1885;
444 4546 593 4618 Sophoclis
611 4546 793 4617 Tragoedias
813 4546 875 4602 edd.
895 4546 1150 4615 Dindorf-Mekle1·,
1169 4545 1285 4615 Lipsiae
1304 4544 1387 4612 1896;
1406 4539 1552 4610 Euripidis
1571 4539 1647 4592 Tra-

199 4632 325 4703 goedias,
352 4633 415 4687 edd.
446 4633 719 4704 Prius-Wecklein,
750 4634 953 4703 Aristophanis
981 4632 1158 4702 Comoedias,
1187 4630 1230 4687 ed.
1258 4629 1397 4700 Mainake,
1424 4629 1541 4698 Lipsiae
1569 4627 1643 4681 18611

200 4717 386 4789 Tragicorum
415 4720 515 4778 Graec.
535 4720 704 4790 fragmenta,
732 4721 875 4774 recensuit
905 4720 1015 4787 Nauck,
1048 4719 1134 4773 editio
1163 4718 1295 4787 secunda,
1314 4717 1430 4786 Lipsiae
1450 4715 1533 4781 18893
1553 4712 1648 4768 Comi-

200 4821 296 4858 corum
314 4807 476 4860 Atticorum
495 4807 663 4877 fragmenta,
686 4806 729 4864 ed.
748 4806 841 4861 Kock.
