3796 5518
884 425 1090 490 „36..

277 635 375 699 posse
398 612 459 679 hoc
482 612 556 677 loeo
580 635 654 678 cum
677 613 734 677 illa
756 612 946 694 liberorum,
970 635 1036 700 qua
1055 589 1094 678 de
1112 635 1211 678 causa
1226 614 1373 698 confugit
1390 615 1433 679 ad
1450 616 1715 702 explicationem,

272 737 356 802 qnae
380 715 529 782 Graecae
561 715 693 800 linguae
726 737 791 779 non
820 717 927 781 minus
960 737 1057 801 quam
1087 718 1192 781 cuivis
1221 715 1277 780 alii
1306 729 1477 805 repugnat.
1522 717 1569 782 Ut
1597 711 1713 794 ἄλοχος

273 819 315 882 sit
336 817 468 900 femina,
491 817 608 882 mulier
632 816 832 902 simpliciter,
860 816 933 883 fieri
955 819 1060 903 magis
1082 840 1147 883 non
1169 828 1287 905 potest,
1321 843 1420 907 quam
1439 831 1476 885 ut
1499 841 1525 886 e.
1548 843 1580 904 g.
1603 806 1716 903 πατήρ

270 921 313 985 sit
346 922 409 1003 vir,
445 943 510 1006 qua
545 921 586 985 de
623 943 659 984 re
694 942 795 1006 supra
825 922 904 985 satis
935 920 1013 1003 dixi,
1043 943 1149 1008 neque
1180 925 1333 1009 cuiqnam
1363 945 1486 1004 eorum,
1517 927 1573 1008 qui
1592 925 1714 985 τεκέων

270 1035 478 1109 receperunt,
512 1024 659 1106 contigit,
692 1033 728 1088 ut
761 1021 837 1087 talis
866 1045 944 1088 usus
968 1025 1153 1109 exemplum
1182 1024 1237 1089 vel
1266 1047 1366 1090 unum
1396 1026 1539 1092 afferret.
1585 1025 1709 1090 Versus

271 1127 356 1191 enim
385 1126 520 1190 fabulae
549 1124 630 1207 OT,
657 1125 714 1190 ubi
743 1126 820 1190 inde
842 1149 862 1191 a
883 1146 915 1190 v.
940 1127 1000 1193 179
1023 1126 1160 1209 legimus
1186 1112 1230 1188 ὧν
1251 1122 1346 1198 πόλις
1366 1123 1548 1209 ἀνάριθμος
1569 1121 1708 1189 ὄλλυται·

270 1225 394 1312 Ινηλέσ
425 1227 463 1291 δέ
492 1227 628 1307 γένεθλα
662 1225 748 1309 πρὸς
779 1229 868 1312 πέδῳ
904 1228 1118 1311 θανατοφόρα
1145 1235 1247 1292 κεῖται
1278 1224 1437 1298 ἀνοίκτως·
1471 1230 1475 1310 Ι
1503 1224 1538 1292 ἀν
1567 1223 1709 1306 δ’ἀλοχον

270 1329 386 1393 πολιαί
405 1321 491 1393 τ’ἐπὶ
510 1326 645 1410 μάτερες
664 1335 669 1410 Ι
688 1323 771 1408 ἀχὰν
793 1383 799 1398 .
825 1379 832 1395 .
856 1383 863 1399 .
901 1326 1181 1410 ἐπιστενάχουσιν,
1208 1355 1228 1397 a
1251 1333 1442 1416 Musgravio
1472 1332 1593 1398 allatus
1618 1341 1707 1397 recte

269 1454 334 1497 non
358 1440 416 1515 est,
441 1455 515 1499 cum
536 1429 644 1511 ἄλοχοι
666 1455 731 1498 non
754 1435 884 1499 omnino
906 1435 1058 1500 mulieres
1081 1437 1154 1515 sint,
1177 1435 1235 1500 sed
1257 1457 1378 1500 uxores
1403 1456 1514 1499 eorum
1537 1431 1712 1513 γενέθλιον,

270 1557 409 1620 quorum
441 1546 563 1600 matres
593 1535 710 1600 eodem
740 1559 839 1601 versu
868 1549 1173 1604 commemorantur.
1218 1537 1270 1602 Ne
1295 1537 1432 1602 Homeri
1455 1537 1586 1623 quidem
1608 1557 1709 1600 versu

271 1635 334 1702 Od.
356 1637 386 1718 9,
406 1639 446 1702 41
477 1631 581 1700 ὤλεσα
611 1628 641 1699 δ’
643 1628 763 1707 αὐτούς·
793 1633 827 1700 ἐκ
857 1634 970 1710 πόλιος
998 1631 1163 1718 δ’ἀλόχους
1191 1640 1244 1702 καὶ
1265 1637 1409 1720 κτήματα
1430 1632 1535 1702 πολλὰ
1555 1635 1712 1719 λαβόντες

269 1731 454 1818 δασσάμεθ’
469 1742 644 1826 quicquam
660 1740 829 1827 probatur,
853 1764 917 1827 quo
940 1736 1048 1819 ἄλοχοι
1071 1745 1287 1817 nominentur,
1311 1763 1385 1805 cum
1408 1743 1620 1825 gravissimae
1644 1741 1708 1804 sint

270 1844 413 1907 omnium
429 1865 541 1908 eorum
563 1843 755 1926 incolarum,
777 1846 833 1930 qui
855 1867 985 1930 pugnae
1003 1868 1069 1910 non
1084 1846 1313 1925 interfuerunt,
1331 1845 1419 1930 qnod
1435 1866 1525 1909 arma
1540 1842 1627 1907 ferre
1641 1864 1706 1922 non

269 1956 432 2030 poterant.
455 1945 489 2010 Si
500 1948 599 2030 igitur
609 1958 756 2011 tenemus
769 1942 901 2024 ἀλόχους
913 1971 983 2012 esse
996 1969 1125 2030 uxores,
1139 1970 1178 2012 ea
1194 1946 1598 2031 difficultasrestat,quam
1607 1967 1707 2031 supra

270 2045 500 2114 demonstravi.
529 2049 582 2113 De
604 2048 717 2114 liberis
739 2050 958 2115 lamentantur
981 2058 1112 2129 matres,
1135 2070 1255 2114 uxores
1278 2048 1476 2129 demeritis,
1501 2049 1543 2115 cf.
1560 2049 1615 2112 Tr.
1632 2047 1705 2112 831.

269 2149 409 2215 Accedit
446 2152 536 2237 quod
568 2151 641 2216 loco
677 2173 774 2238 quem
810 2161 989 2218 tractamus
1017 2156 1107 2215 τέκεα
1139 2152 1235 2238 parvi
1265 2161 1393 2216 tantum
1426 2150 1522 2215 liberi
1559 2150 1706 2232 intellegi

268 2265 414 2337 possunt,
448 2275 513 2318 non
547 2252 660 2336 adulti,
694 2256 749 2340 qui
778 2256 851 2342 ipsa
879 2277 991 2340 pugna
1018 2255 1181 2319 interfecti
1210 2260 1298 2334 sunt;
1330 2255 1446 2319 horum
1477 2255 1562 2317 enim
1586 2262 1713 2316 matres-

269 2379 395 2440 servae,
431 2380 496 2423 non
533 2381 653 2424 uxores
692 2358 775 2422 fiunt
807 2360 980 2441 victorum,
1014 2359 1107 2423 velut
1143 2356 1283 2422 Hecuba
1320 2358 1352 2419 in
1384 2355 1552 2421 Troadum
1581 2353 1704 2419 fabula.

266 2458 433 2546 Sequitur,
462 2471 509 2542 ut,
539 2463 566 2526 si
595 2458 705 2538 ἀλοχοι
734 2483 849 2526 sanum
875 2476 935 2543 est,
957 2455 1081 2524 1τεκέων
1103 2461 1182 2527 ferri
1204 2482 1269 2524 non
1291 2461 1403 2545 possit.
1449 2457 1573 2524 Contra
1595 2466 1709 2521 autem

265 2566 393 2644 τοκέων,
430 2565 518 2650 quod
554 2565 704 2629 omnibus
741 2564 908 2630 codicibus
941 2564 1097 2630 traditum
1125 2574 1185 2644 est,
1213 2585 1343 2628 sensum
1371 2561 1509 2645 praebet
1538 2562 1711 2646 optimum,

267 2667 293 2728 si
323 2668 430 2730 animo
468 2678 616 2731 tenemus
652 2668 743 2732 chori
769 2669 838 2732 sine
861 2667 960 2732 dnbio
985 2669 1155 2732 obversari
1178 2679 1253 2730 ante
1278 2665 1389 2730 oculos
1411 2665 1585 2745 imaginem
1604 2664 1706 2747 ipsius

265 2769 530 2851 Andromachae,
570 2792 654 2855 quae
697 2769 848 2855 deplorat
886 2782 1013 2856 patrem
1047 2781 1199 2842 necatum
1236 2768 1293 2832 filii
1324 2774 1356 2829 et
1385 2767 1487 2853 ipsius
1515 2766 1633 2847 necati,
1665 2764 1705 2829 cf.

266 2891 381 2936 versus
403 2871 422 2952 8
446 2893 516 2957 sqq.
562 2872 669 2937 Dolor
693 2871 872 2938 demerito
896 2875 1013 2937 amisso
1038 2871 1188 2937 acerbior
1211 2884 1271 2952 est,
1293 2872 1320 2935 si
1342 2869 1429 2935 idem
1451 2870 1588 2933 maritus
1612 2877 1707 2954 pater

267 2975 446 3037 communis
479 2974 538 3038 filii
573 2983 630 3041 est.
687 2976 793 3041 Huius
825 2959 933 3040 autem
961 2975 1048 3039 modi
1079 2998 1157 3040 usus
1187 2976 1326 3039 nominis
1349 2974 1463 3054 patris,
1491 2974 1640 3058 usurpati
1663 2971 1714 3036 ab·

266 3097 370 3139 uxore
394 3076 585 3160 demerito,
609 3081 665 3164 qui
689 3080 847 3162 originem
873 3078 967 3142 duxit
990 3079 1059 3142 sine
1082 3076 1183 3143 dubio
1207 3101 1225 3141 e
1249 3099 1397 3141 sermone
1412 3075 1602 3154 liberorum,
1617 3072 1706 3137 haud

266 3179 312 3241 ita
334 3201 409 3244 raro
432 3182 606 3264 invenitur,
628 3182 721 3246 velut
744 3181 884 3266 legimus
907 3182 963 3246 Tr.
978 3181 1039 3246 481
1058 3180 1218 3246 Hecubae
1242 3179 1344 3243 verba
1368 3200 1452 3264 quae
1476 3185 1551 3240 sunt
1573 3170 1714 3238 καὶτὸν

266 3277 448 3361 φυτουργὸν
462 3285 613 3362 Πρίαμον
635 3275 691 3344 oria
714 3277 817 3346 ἀλλων
831 3279 921 3365 παρὰ
943 3278 1069 3346 κλὺουά
1086 3279 1239 3360 ἕκλαυσα;
1263 3281 1344 3346 Ηεο.
1361 3280 1419 3344 161
1435 3279 1550 3344 eadem
1566 3278 1706 3343 Hecuba

267 3380 346 3445 dicit
367 3382 509 3464 φροῦδος
530 3389 682 3466 πρέσβυς,
706 3383 842 3467 φροῦδαι
870 3387 994 3463 παῖδες,
1019 3409 1094 3451 cum
1115 3397 1225 3451 tamen
1247 3386 1391 3465 πρέσβυς
1412 3404 1477 3446 non
1499 3384 1539 3445 sit
1560 3383 1705 3458 maritus,

265 3484 323 3548 sed
353 3497 464 3571 pater3
492 3486 564 3550 HF.
589 3489 652 3553 975
682 3488 845 3554 exclamat
878 3489 1015 3573 Megara
1046 3473 1070 3550 ἀ
1100 3483 1208 3566 τεκών,
1238 3491 1274 3549 τί
1289 3485 1383 3568 δρᾷς-ς
1415 3489 1507 3547 τέκνα
1528 3485 1660 3552 κτείνεις
1670 3481 1703 3558 ¹).

266 3585 356 3650 Loco
380 3601 487 3653 autem
511 3611 608 3675 quem
631 3599 811 3656 tractamus
827 3591 982 3656 mulieres
998 3603 1126 3677 patrem
1139 3591 1328 3669 liberorum,
1343 3612 1407 3654 non
1424 3611 1516 3653 suum
1533 3586 1712 3651 lamentari.

266 3699 403 3776 apparet
438 3714 455 3756 e
491 3695 620 3757 nomine
644 3687 761 3770 ἄλοχοι.
806 3693 873 3758 Alii
897 3693 961 3758 loci
984 3693 1139 3776 nonnulli,
1164 3692 1282 3779 quibus
1304 3693 1416 3756 similis
1439 3713 1517 3756 usus
1539 3689 1713 3754 invenitur·

267 3795 389 3878 quique
411 3806 548 3880 possunt
570 3798 766 3882 comparari,
788 3805 862 3860 sunt
885 3795 948 3860 An.
971 3796 1045 3876 899,
1068 3796 1118 3862 ΕΙ.
1144 3797 1236 3876 1188,
1261 3792 1316 3861 Or.
1343 3795 1412 3868 199,
1434 3795 1494 3858 Ph.
1519 3791 1611 3857 1693.

372 3895 533 3962 Ultimum
557 3899 645 3984 quod
668 3901 802 3985 profero
833 3921 951 3964 nomen
982 3921 1042 3984 pro
1073 3898 1265 3984 parentibus
1298 3906 1501 3982 usurpatum,
1525 3895 1614 3982 quod
1636 3893 1705 3958 Hos

266 4021 375 4064 merus
409 4012 442 4064 ct
479 4002 665 4087 Aeschylus
699 4003 860 4087 ignorant,
894 4000 1057 4067 Pindarus
1086 4003 1122 4067 P.
1146 4003 1177 4083 6,
1199 4003 1251 4084 27,
1274 4000 1313 4067 N.
1340 4003 1390 4082 11,
1424 4002 1465 4065 22
1490 3997 1633 4080 exhibet,
1657 4008 1705 4062 est

265 4107 375 4179 γονεῖς.
421 4102 604 4187 Singularis
627 4127 692 4190 non
717 4116 822 4170 exstat
844 4105 934 4189 apud
956 4107 1115 4188 tragic0s3
1150 4105 1312 4189 pluralem
1345 4126 1406 4189 pro
1440 4103 1598 4187 singulari
1626 4123 1703 4165 non·

266 4226 443 4290 numquam
473 4208 615 4291 positum
646 4230 716 4273 esse
747 4230 847 4295 supra
875 4207 1012 4273 ostendi.
1062 4208 1136 4272 Hoc
1167 4229 1298 4293 quoque
1330 4229 1456 4272 nomen.
1478 4205 1631 4271 tractanti
1662 4205 1703 4269 de

372 4410 393 4483 ¹)
415 4409 657 4480 Wilamowitzius,
676 4412 725 4481 qui
737 4411 889 4466 Herculem
902 4429 918 4465 a
932 4411 1049 4482 Megara
1068 4397 1089 4465 ei
1108 4409 1193 4465 reads·
1212 4411 1351 4481 appellari
1369 4426 1426 4463 non
1444 4409 1571 4479 potuisse
1587 4407 1712 4476 iudicat,

268 4497 445 4551 enuntiatum
471 4495 551 4564 illud,
582 4514 637 4567 quo
665 4502 727 4551 erat
751 4515 821 4552 uxor
843 4500 937 4552 animo
956 4499 1107 4569 praecipiti
1127 4503 1155 4552 et
1174 4498 1325 4568 concitato,
1350 4498 1540 4566 interruptum
1559 4512 1619 4548 esse
1638 4510 1703 4546 con-

267 4583 360 4637 tendit
372 4583 467 4637 verbis
479 4584 509 4636 τί
521 4577 587 4660 δρᾷς
606 4584 860 4656 coniungendaque
885 4602 946 4639 esse
965 4572 986 4638 ἀ
1005 4578 1089 4638 τεκάν
1106 4589 1189 4639 τέκνα
1207 4587 1321 4651 κτείνεις,
1347 4584 1430 4637 Talia
1452 4581 1564 4653 quidem
1583 4584 1703 4648 exstant,

266 4669 345 4724 velut
365 4667 418 4742 [er
446 4671 516 4740 9821,
542 4670 596 4730 Me.
616 4672 692 4742 1326,
719 4673 768 4728 IA.
788 4673 848 4740 736,
870 4673 919 4726 sed
946 4672 1043 4725 eadem
1066 4673 1116 4725 illa
1139 4672 1226 4726 animi
1249 4672 1435 4725 commotione
1453 4672 1619 4740 argumento
1643 4668 1702 4720 usis

268 4755 361 4809 dicere
384 4756 452 4811 licet
475 4757 558 4810 nobis
578 4757 725 4818 Meraram
745 4761 802 4812 tam
821 4775 935 4829 gravem
956 4758 1182 4812 coniunctionem
1197 4758 1351 4813 'verborum
1369 4757 1495 4826 incipere
1514 4756 1626 4809 omnino
1645 4769 1712 4806 non.

267 4843 403 4912 potuisse.
439 4843 588 4899 Sollemnis
607 4844 656 4898 illa
675 4844 830 4914 distinctio,
850 4861 933 4916 quam
952 4861 1038 4914 supra
1058 4844 1131 4914 dedi,
1150 4845 1298 4899 retinenda
1317 4849 1367 4902 est.
