3796 5518
819 419 1033 485 ...33-

210 628 276 672 non
312 606 385 683 sint,
419 604 487 684 sed,
526 604 701 671 dummodo
740 615 829 672 recte
866 607 1110 692 intellegantur,
1147 630 1263 674 verum
1295 607 1457 696 pluralem
1494 609 1647 678 habeant.

206 708 344 774 Illorum
359 718 480 790 autem,
498 730 582 793 quae
605 730 664 773 nos
687 719 877 792 tractamuS,
899 732 977 776 usus
1001 709 1159 797 explicari
1181 710 1297 775 melius
1316 732 1382 776 non
1403 719 1523 798 potest,
1546 735 1644 798 quam

209 810 250 875 ab
275 809 455 875 Aristotele
483 810 605 876 factum
635 821 694 894 est,
725 808 772 882 εἰς
800 806 898 891 ὄγκον
924 814 1050 879 scilicet
1082 813 1138 895 τῆς
1161 811 1277 887 λέξεως
1298 813 1463 899 pluralem
1492 838 1511 879 a
1541 817 1646 900 poetis

206 912 388 978 adhibitum
414 911 531 991 esee1).
875 903 877 907 ’

313 1015 360 1080 Ut
390 1014 565 1097 abstracta,
600 1017 647 1079 ita
677 1028 831 1082 concreta
861 1041 992 1106 quoque
1022 1022 1153 1084 nomina
1181 1017 1344 1106 pluralem
1374 1019 1546 1102 singularis
1574 1021 1646 1085 vice

207 1128 386 1196 assumunt,
424 1140 464 1181 ne
497 1139 535 1182 ea
572 1119 704 1204 quidem
743 1121 811 1186 ulla
847 1131 938 1187 certa
968 1123 1042 1207 lege
1073 1130 1198 1188 coacta.
1242 1121 1293 1186 Ac
1315 1122 1457 1207 primum
1482 1119 1645 1206 significat

207 1220 1645 1306 pmfflsmmomm,mmmmdeffiQfflmOQQdemm

206 1325 350 1388 maxime
366 1321 490 1404 'locum,
514 1344 578 1409 quo
602 1325 699 1406 actio,
722 1347 807 1410 quae
830 1327 933 1392 verbo
957 1326 1142 1408 denotatur,
1165 1327 1318 1408 efficitur,
1346 1323 1447 1408 τάφοι
1469 1325 1569 1414 Soph.
1593 1326 1645 1390 El.

205 1425 279 1506 443,
317 1427 437 1506 σφαγαί
469 1425 525 1491 Tr.
563 1424 637 1506 573,
681 1428 745 1494 Me.
768 1429 811 1494 46
848 1419 915 1492 ἀλλ’
953 1426 1022 1492 οἵδε
1058 1430 1170 1496 παῖδες
1207 1423 1243 1490 ἐκ
1273 1424 1401 1509 τράχον
1436 1434 1647 1507 πεπαυμένοι

207 1531 399 1606 στείχουσιν,
431 1529 530 1592 θᾶκοι
562 1529 610 1594 Io.
641 1530 714 1608 909,
754 1530 897 1612 φυλακαί
920 1533 976 1600 Ρα.
1007 1530 1080 1612 595,
1116 1528 1238 1594 σκοπαί
1256 1532 1319 1615 Ag.
1343 1532 1416 1597 301.
1461 1530 1647 1617 Sequuntur

209 1629 392 1712 collectiva,
425 1630 518 1695 velut
548 1637 696 1716 χρησμοί
725 1633 784 1700 ch.
808 1635 883 1716 296,
914 1637 1034 1714 μισθοῖ
1054 1634 1154 1720 Soph.
1177 1635 1241 1699 An.
1268 1637 1341 1718 294,
1378 1627 1470 1714 ὅρκοι
1496 1635 1549 1699 Hi.
1574 1634 1648 1715 611,

206 1727 363 1816 ψάμαθοι
395 1732 448 1798 Hi.
480 1736 573 1814 1126,
608 1733 722 1817 σάρκες
760 1737 827 1802 Me.
860 1739 954 1804 1200.
1006 1739 1116 1802 Primo
1147 1736 1264 1803 obtutu
1287 1738 1443 1803 audacius
1467 1737 1555 1801 dicta
1578 1757 1648 1799 esee

208 1834 372 1918 videntur,
403 1859 488 1922 quae
519 1839 584 1902 iam
612 1840 789 1926 proferam,
818 1841 949 1905 nomina
971 1841 1105 1923 scilieet,
1136 1840 1255 1926 quibus
1276 1863 1356 1906 vasa
1379 1850 1412 1903 et
1433 1841 1648 1904 instrumenta

207 1938 441 2021 significantur,
470 1941 583 2022 δίφροι
610 1941 710 2027 Soph.
742 1943 793 2008 El.
816 1941 869 2024 50,
899 1935 970 2020 ὄχοι
1004 1941 1072 2007 OT.
1096 1943 1168 2024 808,
1196 1944 1302 2025 κέδροι
1330 1942 1384 2008 Al.
1407 1942 1480 2021 365,
1509 1933 1649 2024 θηγάνει

207 2041 272 2125 Ag.
303 2041 396 2125 1538,
426 2033 560 2124 οἷρτάναι
592 2043 694 2131 Soph.
726 2046 789 2112 An.
820 2044 872 2128 54,
909 2039 1012 2126 ἅρπαι
1039 2046 1086 2110 Io.
1119 2045 1191 2128 192,
1228 2049 1335 2126 βωμοί
1362 2044 1460 2131 Soph.
1494 2043 1551 2109 Tr.
1574 2041 1647 2124 238,

209 2144 282 2226 νῆες
311 2144 389 2213 Eur.
422 2145 477 2212 Tr.
509 2147 582 2229 812,
620 2149 761 2229 κερκίδες
788 2148 870 2215 Hec.
902 2149 976 2228 363,
1011 2147 1160 2228 κλίμακες
1188 2147 1247 2215 Ph.
1273 2151 1343 2216 104.
1403 2148 1527 2213 Eodem
1550 2144 1647 2210 modo

208 2256 368 2333 usurpata
402 2251 509 2314 neutri
542 2254 671 2335 generis
707 2255 838 2316 nomina
873 2251 1034 2335 leguntur,
1068 2250 1161 2316 velut
1190 2251 1335 2334 σκῆπτρα
1366 2249 1435 2317 00.
1457 2249 1531 2330 425,
1570 2242 1650 2320 τόξα

208 2349 261 2416 ΑΙ.
287 2351 339 2432 39,
362 2346 484 2433 βάκτρα
513 2353 560 2421 Ιο.
583 2355 656 2436 217,
687 2353 762 2433 ζυγά
787 2355 842 2420 Tr.
873 2356 945 2432 600,
973 2356 1049 2438 ξίφη
1079 2355 1179 2440 Soph.
1210 2354 1273 2419 An.
1303 2353 1410 2431 8202).
1455 2352 1516 2417 His
1539 2362 1649 2416 autem

210 2454 372 2518 accedunt
401 2477 448 2535 ea,
478 2455 596 2542 quibus
626 2460 773 2545 corporis
802 2469 914 2543 partes
943 2459 998 2522 vel
1020 2458 1169 2523 membra
1192 2457 1425 2542 significantur,
1448 2478 1532 2541 quae
1556 2455 1649 2540 quasi

209 2557 499 2622 instrumentorum
529 2559 602 2625 loeo
633 2571 716 2643 sunt,
747 2559 857 2640 λαιμοί
884 2561 932 2628 Ιο.
957 2560 1049 2641 1065,
1079 2554 1257 2640 σφόνδυλοι
1285 2559 1344 2623 Ph.
1370 2560 1462 2640 1413,
1490 2555 1650 2635 γενειάδες

208 2657 254 2726 Ιο.
281 2661 373 2740 1460,
394 2657 478 2724 λάιοι
495 2665 659 2744 βραχίονες
682 2663 741 2729 Ph.
769 2665 862 2745 1136,
887 2661 1050 2744 πρόσωπα
1072 2661 1171 2748 Soph.
1195 2661 1247 2729 El.
1273 2663 1365 2743 1277,
1393 2659 1476 2724 νῶτα
1498 2661 1551 2726 Pr.
1574 2659 1649 2740 446,

212 2765 325 2842 στέρνα
354 2764 401 2830 10.
427 2766 499 2845 874,
530 2751 612 2844 οἶμαι
634 2762 802 2849 ἅριστεροί
830 2766 886 2835 Or.
912 2769 1004 2833 1471.
1047 2767 1100 2831 De
1122 2767 1243 2852 plurali
1266 2767 1406 2851 denique
1429 2767 1595 2831 nominum
1616 2765 1649 2828 in

208 2882 254 2939 μα
277 2869 465 2930 exeuntium
486 2869 573 2933 infra
594 2869 699 2935 verba
720 2870 872 2936 facienda
895 2880 1000 2936 erunt.

312 2965 465 3034 Omnium
490 2981 599 3034 autem
622 2993 706 3058 quae
730 2973 825 3038 attuli
850 2973 1076 3060 exemplorum
1100 2994 1138 3036 ea
1160 2980 1287 3037 tantum
1304 2972 1521 3058 explicatione
1545 2976 1651 3054 egent,

212 3090 295 3153 quae
330 3073 480 3155 proxime
512 3074 730 3160 praecedunt,
768 3098 808 3140 ea
836 3075 971 3158 scilicet,
1012 3077 1131 3162 quibus
1160 3077 1376 3140 instrumenta
1411 3087 1469 3140 aut
1505 3071 1651 3156 corporis

216 3181 327 3255 partes
336 3174 570 3257 significantur.
589 3174 768 3242 Causarum
777 3178 871 3243 huius
879 3200 1073 3265 ususneque
1082 3202 1130 3261 ea,
1138 3175 1497 3264 quamBrugmannua³)
1507 3173 1653 3262 protulit,

218 3276 1653 3369 wmmwmmfflmmffimmmwmfflmwfflmfflmwfflm

213 3379 302 3442 einer
325 3380 421 3444 cache
445 3379 745 3466 auszudrueclren“,
769 3405 878 3468 neque
903 3384 959 3449 illa
981 3408 1001 3450 a
1024 3383 1237 3466 Kuehner0⁴)
1257 3383 1367 3464 allata,
1395 3385 1451 3468 qui
1471 3382 1652 3445 sententiae

212 3480 461 3567 amplificandae
495 3499 593 3550 cauea
624 3496 813 3571 usurpatum
853 3511 927 3554 eum
963 3510 1035 3552 ease
1065 3489 1153 3568 dicit,
1188 3486 1320 3550 sufficit.
1371 3485 1510 3549 Rectum
1542 3492 1652 3547 autem

212 3583 334 3648 vidisse
356 3596 438 3671 puto
453 3587 610 3672 Volpium
630 3587 651 3655 l.
674 3586 696 3654 l.
721 3599 754 3654 et
776 3587 1080 3669 Delbrueckium⁵)‚
1104 3591 1160 3674 qui
1184 3589 1302 3653 docent
1326 3609 1400 3652 eum
1422 3588 1514 3650 initio
1537 3606 1653 3649 verum

212 3696 339 3751 tantum
360 3688 522 3774 pluralem
546 3691 645 3755 fuisse
668 3694 849 3774 nominum,
874 3716 958 3779 quae
979 3693 1052 3777 ipsa
1073 3691 1216 3778 pluralia
1232 3701 1336 3774 erant,
1357 3690 1450 3756 velut
1466 3683 1545 3769 ὄχοι,
1561 3683 1652 3763 τόξα,

212 3788 308 3870 νῶτα,
346 3788 475 3865 κόλποι,
508 3797 632 3876 στέρνα,
670 3793 790 3860 deinde
830 3795 872 3859 ab
906 3795 956 3860 hia
986 3795 1027 3859 ad
1061 3794 1126 3858 alia
1154 3793 1266 3858 similis
1296 3794 1498 3876 significatus
1521 3789 1653 3854 nomina

213 3893 1654 3978 ummmemem,moemmsfflmemetmfflwffm

214 3997 366 4080 equidem
388 3999 485 4066 addc.
1259 3985 1267 4001 ⁶

321 4233 342 4304 1)
361 4233 448 4294 Arist.
467 4234 538 4292 rhet.
557 4236 582 4304 3,
601 4237 632 4290 6:
657 4237 691 4300 εὶς
714 4229 799 4303 ὄγκον
825 4229 853 4288 δὲ
882 4238 930 4298 τῆς
953 4231 1047 4304 λέξεως
1072 4230 1262 4302 συμβάλλεται
1286 4227 1355 4286 τάδε
1373 4278 1380 4291 .
1399 4278 1406 4293 .
1425 4278 1432 4291 ,
1451 4223 1485 4286 ro'
1510 4228 1540 4284 ἓν
1561 4224 1655 4283 πολλοὶ
1766 4253 1768 4258 ·

213 4326 301 4393 εἰπεῖν,
323 4315 386 4398 ὅπερ
406 4323 433 4376 οἱ
452 4326 568 4388 ποιηταὶ
591 4329 727 4378 ποιοῦσιν·
762 4315 821 4385 ἑνός
840 4317 923 4384 ὄντος
942 4321 1048 4390 λιμένος
1067 4313 1142 4390 ὅμως
1160 4318 1270 4390 λέγουσι
1290 4317 1416 4389 ,λιμένας
1433 4318 1467 4382 εἰς
1486 4311 1651 4386 Ἀχαικούς“

214 4414 263 4465 καὶ
297 4406 414 4480 ,δέλτου
442 4414 489 4480 μὲν
516 4405 580 4464 αἵδε
605 4408 763 4488 πολύθυροι
788 4403 969 4477 διαπτυχαί“.
1018 4407 1061 4464 Cf.
1089 4408 1173 4461 etiam
1206 4406 1294 4462 verba
1321 4406 1445 4460 auctoris
1482 4407 1540 4482 περὶ
1561 4396 1656 4471 ὕψους

214 4517 257 4569 cp.
277 4499 311 4556 23
330 4516 356 4567 p.
377 4498 436 4554 194.

319 4586 340 4659 ²)
359 4585 447 4638 Plura
466 4583 582 4655 collegit
599 4582 763 4636 Lobeckius
782 4581 819 4636 ad
838 4582 885 4638 Αἰ.
904 4582 965 4640 231.

320 4674 340 4744 ³)
360 4673 379 4731 l.
398 4672 415 4730 l.
434 4689 462 4741 p.
481 4673 540 4728 370.

319 4758 568 4834 ⁴)l.1,111,18.

320 4846 342 4919 ⁶)
362 4845 517 4902 Gruudrisa
537 4844 587 4898 der
604 4843 759 4915 vergleich.
779 4842 950 4914 grammatik
969 4841 1019 4895 der
1037 4841 1192 4911 indagarm.
1210 4841 1357 4908 sprachen.
1394 4838 1440 4893 III
1458 4840 1519 4895 146,
