3796 5518
894 399 1086 463 -5-

269 586 427 670 fecerunt,
452 585 660 652 Lautensach
691 599 723 653 et
754 584 879 652 Prause
889 588 913 668 ¹)
943 589 1030 654 intra
1058 585 1155 651 nimis
1184 594 1340 671 angustos
1362 589 1519 653 terminos
1542 612 1613 656 sese
1635 613 1713 656 con·

269 689 449 770 tinuerunt3
487 688 619 769 Peczi²)
657 701 766 755 autem
802 689 925 757 librum
962 691 1125 776 inspicere
1162 712 1228 754 non
1263 690 1356 776 potui
1392 703 1529 777 propter
1566 694 1711 780 linguam

268 792 424 876 ignotam.

371 892 440 959 Our
475 901 585 958 autem
619 894 661 960 ad
695 897 979 983 comparationem
1018 917 1092 959 cum
1120 895 1253 980 antiqua
1283 894 1452 960 comoedia
1480 894 1711 962 instituendam

268 997 415 1079 tragicos
437 1004 564 1081 poetas,
587 1019 652 1061 non
674 995 859 1083 pedestrem
883 1019 1081 1083 quemquam
1107 998 1300 1082 scriptorem
1315 1000 1513 1080 vocaverim,
1528 1001 1635 1082 ipsum
1651 1020 1714 1084 per

269 1120 304 1164 se
320 1119 482 1185 apparere
498 1106 588 1184 puto.
621 1097 719 1179 Quod
740 1112 916 1186 utrumque
938 1120 1076 1186 poeseos
1098 1121 1201 1183 genus
1224 1099 1339 1163 eodem
1362 1099 1431 1164 fere
1454 1108 1601 1187 tempore
1625 1109 1656 1165 et
1678 1101 1713 1165 in

270 1196 384 1264 eadem
413 1208 504 1263 terra
538 1203 673 1284 exstitit,
707 1202 795 1288 quod
827 1203 1028 1288 argumentis
1057 1213 1124 1266 tam
1155 1201 1292 1265 diversis
1321 1203 1427 1267 torma
1455 1213 1504 1268 tot
1528 1205 1714 1268 communia

268 1299 385 1381 habet,
423 1305 634 1384 gravissimae
673 1327 791 1370 causae
828 1314 920 1370 sunt.
977 1304 1027 1369 Eo
1064 1314 1190 1369 tantum
1228 1315 1433 1391 comparato,
1470 1309 1527 1390 qui
1570 1307 1712 1370 maxime

270 1404 440 1488 oppositus
463 1414 523 1485 est,
546 1426 730 1471 sermonem
753 1410 912 1472 comicum
941 1429 1140 1492 cognoscere
1162 1428 1344 1488 possumus,
1366 1429 1548 1473 sermonem
1563 1408 1714 1472 Atticum

270 1506 375 1592 qualis
398 1506 552 1571 fueritin
575 1530 634 1572 suo
657 1508 748 1593 flore,
772 1531 953 1575 sermonem
979 1512 1128 1575 exeuntis
1143 1509 1267 1574 saeculi
1288 1510 1403 1594 quinti.

375 1673 396 1745 ¹)
415 1673 597 1729 Lautensach
617 1674 841 1730 Grammatische
860 1675 974 1728 studian
995 1694 1030 1728 zu
1048 1675 1102 1728 dan
1115 1675 1310 1746 griechischen
1322 1675 1470 1747 tragikarn
1484 1675 1542 1728 und
1555 1673 1716 1744 komikern,

271 1758 366 1814 (iotha
387 1759 469 1830 18963
488 1760 596 1815 Prauss
614 1761 659 1815 De
677 1762 834 1831 particulas
855 1763 916 1838 πρίν
934 1780 988 1815 usu
1006 1763 1117 1833 tragico
1136 1768 1164 1816 et
1181 1762 1400 1832 Aristophaneo,
1418 1760 1501 1815 Halia
1521 1761 1597 1816 1876.

379 1865 399 1934 ²)
418 1861 493 1916 Peea
511 1865 566 1918 Die
585 1868 686 1934 tropen
706 1864 754 1918 das
767 1865 984 1937 Aristophaneo,
1001 1866 1165 1937 verglichsn
1183 1866 1234 1919 mit
1253 1865 1307 1919 den
1326 1870 1428 1936 tropen
1447 1865 1495 1919 das
1509 1864 1612 1919 Aesch.
1624 1863 1714 1934 Soph.

270 1948 347 2019 Eur„
366 1948 543 2020 Ungarische
562 1949 659 2005 Rarus
678 1953 719 2014 13.
