3796 5518
822 430 1031 494 ..91-

311 615 372 681 His
402 624 511 682 autem
540 617 689 680 tractatis
718 616 782 679 iam
812 615 988 711 transimus
1011 613 1055 681 ad
1077 617 1307 700 cognoscenda
1329 641 1369 684 ea
1390 620 1531 699 nomina,
1555 643 1642 707 quac

201 721 235 784 in
261 740 317 804 της
347 727 478 784 exeunt.
532 719 642 806 Atque
672 740 790 804 agmen
821 718 953 802 quidem
984 717 1107 786 ducant
1135 719 1321 802 nominalis,
1354 743 1492 807 quorum
1514 743 1598 808 quae
1621 746 1644 788 a

202 823 417 888 substantivis
446 821 597 887 derivata
626 831 702 887 sunt
730 821 915 908 significant
943 822 976 885 in
1006 822 1196 886 universum
1219 831 1275 887 aut
1298 845 1381 906 eum,
1403 825 1459 910 qui
1482 845 1554 892 cum
1577 823 1644 891 illis

201 945 332 1010 quoquo
355 921 451 989 modo
474 927 668 989 coniunctus
689 936 747 1007 est,
771 923 862 989 velut
884 922 1020 1008 λοχίτης,
1041 921 1188 1010 χωρίτης,
1210 923 1365 1009 δημότης,
1387 940 1443 991 aut
1464 926 1569 1010 illum,
1585 929 1643 1022 qui

200 1027 246 1110 id,
268 1025 356 1114 quod
386 1027 592 1093 substantivo
624 1025 824 1112 designatur,
853 1026 930 1092 colit
959 1025 1013 1090 vel
1042 1027 1074 1090 in
1108 1030 1313 1114 possessione
1335 1027 1436 1093 hahet
1458 1040 1531 1111 etc,
1551 1029 1646 1095 velut

9 1121 10 1150 ¹
93 1152 95 1157 ·
201 1119 352 1212 ὀγρὸτης,
373 1124 512 1212 τοξότης,
535 1129 611 1194 ο11ο.
655 1129 705 1195 Εο
727 1139 847 1206 autem,
870 1151 955 1216 quae
977 1131 1011 1194 in
1032 1150 1126 1213 ιωτης
1141 1143 1272 1214 exeunt,
1289 1132 1468 1197 secundum
1484 1134 1642 1218 originem

203 1255 294 1299 suam
310 1321 311 1324 Ἴ
326 1234 416 1320 apud
444 1235 589 1320 tragicos
619 1232 783 1298 adiectiva
812 1255 943 1319 semper
973 1245 1055 1314 sunt,
1085 1233 1159 1299 dico
1189 1231 1337 1316 νησιώτις
1364 1239 1469 1316 πέτρα
1490 1235 1545 1302 Ρο,
1569 1235 1645 1316 393,

203 1334 389 1416 στροτιώτις
411 1331 518 1420 ἀρωγῇ
541 1336 603 1420 Ag.
628 1337 680 1418 47,
702 1332 884 1417 πατριώτης
907 1333 976 1401 OT.
997 1335 1088 1417 1091,
1110 1330 1286 1420 βακχιώτης
1308 1335 1377 1405 00.
1393 1338 1466 1420 678,
1490 1333 1644 1422 νησιώτης

201 1437 258 1504 Tr.
273 1438 347 1520 667,
362 1431 493 1523 ἡλιώτης
508 1439 562 1505 Tr.
580 1439 654 1520 697,
669 1434 818 1523 ἑστιώτης
834 1439 889 1504 Tr.
905 1439 979 1504 964.
1017 1438 1118 1522 Apud
1134 1441 1275 1505 comicos
1292 1449 1408 1505 contra
1424 1463 1463 1506 ea
1481 1463 1556 1505 raro
1569 1449 1644 1504 sunt

204 1540 382 1624 adiectiva,
404 1543 495 1608 velut
517 1533 598 1621 λεχώ
623 1541 807 1623 στροτιώτις
827 1541 1001 1628 Eupolidis
1022 1543 1063 1607 fr.
1086 1542 1159 1624 266,
1193 1563 1266 1607 cum
1288 1541 1448 1629 pleraque
1469 1544 1560 1607 facta
1582 1543 1648 1604 sint

204 1644 418 1729 substantiva,
449 1655 485 1711 ut
509 1641 711 1729 στρατιώτης,
746 1646 835 1731 quod
859 1667 958 1732 saepe
980 1644 1112 1729 legitur,
1144 1641 1272 1729 ἰδιώτης
1292 1645 1352 1710 Ra.
1376 1646 1450 1728 469,
1480 1637 1644 1728 ἡλικιώτης

204 1745 267 1812 Nu.
294 1748 384 1829 1006,
407 1747 566 1833 νησιώτης
587 1749 645 1813 Ρο.
668 1748 742 1830 298,
763 1747 836 1812 ο11ο.

309 1850 451 1917 Nomina
481 1861 591 1917 autern
614 1874 679 1915 non
701 1850 878 1916 nominalia
905 1853 937 1916 in
960 1872 1015 1933 της
1037 1848 1223 1934 significatu
1246 1850 1450 1915 accedebant
1472 1849 1514 1914 ad
1537 1847 1593 1913 illa
1612 1849 1647 1910 in

204 1975 264 2040 τηρ
300 1976 366 2036 τιορ
404 1955 569 2036 exeuntia,
605 1977 644 2018 ea
680 1963 789 2018 tamen
826 1952 1019 2035 differentia,
1054 1963 1091 2017 ut
1119 1975 1254 2039 perraro
1285 1954 1326 2018 de
1360 1953 1581 2017 instrumentis
1612 1962 1648 2014 et

205 2056 339 2122 vasibus
369 2069 615 2142 usurparentur.
660 2057 824 2121 Homerus
856 2057 990 2142 quidem
1012 2056 1108 2121 huius
1131 2055 1334 2139 significatus
1355 2077 1456 2120 unum
1475 2051 1648 2136 κρατευτης

206 2161 300 2225 novit
322 2159 361 2226 Il.
385 2163 415 2243 9,
437 2160 519 2243 214;
549 2159 738 2245 Aeschylus
769 2159 849 2224 talia
878 2159 975 2245 plane
998 2160 1121 2225 reiecit.
1167 2158 1347 2243 Sophocles
1369 2159 1499 2242 scripsit
1521 2158 1561 2222 fr.
1583 2157 1647 2220 406

204 2257 390 2348 inauditus,
406 2262 446 2327 de
459 2286 524 2349 quo
535 2267 640 2350 iamp.
651 2264 690 2329 87
706 2266 774 2348 egi;
790 2264 1006 2349 Euripideum
1025 2272 1074 2327 est
1088 2255 1293 2344 dodouro'rns
1304 2260 1351 2327 Io.
1368 2260 1467 2342 11343
1485 2254 1648 2341 προχύτης

206 2376 317 2430 autem
340 2389 400 2454 pro
421 2363 567 2446 πρόχοος
590 2367 723 2448 dictum,
754 2365 842 2452 quod
865 2366 1007 2452 Papeius
1030 2388 1054 2429 s.
1077 2387 1110 2431 v.
1135 2365 1314 2446 contendit,
1343 2361 1432 2448 apud
1455 2361 1647 2447 Euripidem
1678 2353 1680 2358 ’

206 2489 271 2532 οοο
300 2467 429 2551 legitur.
477 2469 574 2534 Plura
598 2481 707 2533 autem
728 2471 937 2534 inveniuntur
967 2466 1055 2552 apud
1080 2469 1230 2532 comicos.
1269 2467 1364 2532 Plato
1383 2468 1426 2532 ir.
1450 2468 1492 2532 42
1516 2463 1649 2530 exhibet

206 2568 410 2655 στολοβάτης,
420 2573 509 2658 quod
523 2573 636 2637 eodem
650 2572 759 2653 modo,
771 2592 835 2656 quo
848 2593 948 2655 supra
959 2593 991 2658 p.
1004 2571 1046 2636 88
1060 2567 1162 2654 βοτήρ
1176 2579 1209 2635 et
1224 2570 1327 2651 βάσις,
1338 2570 1459 2655 pedem
1478 2567 1649 2633 columnae

206 2673 374 2758 intellego.
406 2673 540 2759 Philylli
563 2676 602 2739 fr.
621 2676 638 2738 7
665 2682 697 2737 et
713 2673 853 2744 So'sithei
876 2676 953 2739 fr.2
974 2673 1114 2758 legimus
1135 2668 1301 2757 μετρητής,
1325 2672 1414 2758 apud
1430 2668 1649 2736 Nicocharcm

207 2775 247 2841 fr.
269 2776 290 2840 5
312 2769 496 2858 ἑπενδὺτης,
521 2777 608 2863 apud
632 2777 884 2864 Aristophanem
909 2777 972 2842 Av.
998 2777 1080 2843 1003
1101 2772 1260 2861 διοβήτης.

315 2897 502 2980 Angustum
531 2898 631 2982 igitur
661 2919 733 2962 esse
767 2920 861 2962 usum
893 2899 1002 2962 suffixi
1030 2917 1086 2980 της
1117 2897 1160 2961 ad
1190 2898 1404 2961 instrumenta
1434 2891 1648 2980 significanda

209 2995 345 3062 adhibiti
367 2999 528 3081 videmus,
552 3011 585 3064 et
608 3021 645 3064 eo
668 3002 810 3065 maxime
833 3002 875 3065 ab
899 3001 962 3066 illis
986 3002 1020 3065 in
1034 3022 1095 3086 τηρ
1113 2999 1268 3065 differunt
1283 3000 1414 3064 nomina
1430 2999 1462 3062 in
1478 3016 1543 3082 της,
1559 2995 1647 3082 quod

178 3141 181 3148 ⁴
209 3103 325 3165 omnia
345 3101 428 3166 haee
457 3125 541 3188 quae
572 3103 680 3170 attuli,
698 3115 773 3168 sunt
796 3114 854 3167 aut
877 3105 1059 3189 composita
1082 3114 1139 3168 aut
1162 3102 1319 3180 verbalia,
1342 3102 1525 3189 posteriore
1548 3101 1650 3183 igitur

208 3213 358 3288 tempore
388 3207 506 3284 efficta,
535 3227 620 3292 quae
644 3206 826 3286 analogiam
850 3209 998 3292 priorum
1022 3218 1136 3270 secuta
1157 3217 1219 3292 'pro
1243 3208 1289 3270 eis
1311 3203 1439 3270 tantum
1460 3183 1655 3268 notionibus*

208 3307 461 3391 usurpabantur,
485 3331 569 3395 quae
591 3319 700 3372 aetate
722 3311 888 3374 nominum
909 3311 943 3373 in
964 3330 1025 3392 τηρ
1047 3310 1178 3392 ignotae
1203 3310 1332 3372 omnino
1357 3318 1450 3371 erant
1460 3308 1492 3386 ¹).
1553 3301 1555 3304 ’

318 3427 573 3493 Demonstratur
604 3438 714 3493 autem
743 3428 805 3494 hoc
833 3451 904 3512 usu,
935 3441 1138 3515 quantopere
1168 3429 1325 3494 suffixum
1353 3448 1409 3512 της
1437 3431 1470 3494 in
1497 3449 1648 3492 sermone

210 3532 372 3594 communi
401 3533 434 3596 in
465 3517 682 3618 significatum
707 3531 813 3596 suffixi
836 3553 895 3616 τηρ
918 3533 1094 3596 transierit.
1140 3531 1271 3597 Ultimis
1295 3533 1424 3597 demum
1447 3530 1649 3617 temporibus

211 3641 245 3694 et
272 3632 374 3697 multo
405 3647 480 3720 post
511 3646 661 3718 aetatem,
692 3637 784 3700 cuius
819 3635 949 3701 dicendi
971 3637 1131 3701 rationem
1153 3644 1341 3713 tractamus,
1372 3635 1526 3698 feminina
1549 3633 1648 3697 etiam

211 3754 272 3817 pro
295 3735 517 3803 instrumentis
540 3739 792 3824 usurpabamus,
815 3737 908 3803 velut
929 3740 1064 3821 ξυστρίς,
1087 3736 1282 3819 λιβανωτρίς,
1300 3729 1456 3821 οὐρητρίς,
1472 3736 1547 3817 alia,
1564 3755 1648 3821 quae

212 3834 419 3902 substantiva
441 3841 528 3906 facta
551 3853 626 3906 sunt
642 3863 685 3904 ex
701 3841 880 3924 adiectivis,
903 3863 1041 3928 quorum
1064 3863 1171 3928 pauca
1186 3863 1218 3926 p.
1228 3840 1269 3905 83
1285 3839 1389 3921 attuli,
1405 3849 1441 3903 ut
1456 3832 1502 3922 qiu
1517 3837 1651 3918 λουτρίς,

209 3935 250 4022 γῆ
271 3943 433 4025 σμηκτρίς,
456 3945 529 4011 alia.
732 3937 736 3952 ⁸

318 4062 445 4128 Passivi
468 4065 671 4148 significatus
693 4067 824 4131 nomina
846 4065 879 4128 in
901 4083 967 4148 της,
990 4085 1128 4148 quorum
1151 4062 1306 4128 nonnulla
1329 4061 1437 4126 attulit
1458 4060 1650 4126 Lobeckius

211 4162 255 4229 ad
284 4167 336 4233 Ai.
367 4167 441 4249 241,
474 4188 548 4230 cum
579 4170 784 4252 grammatici
814 4167 916 4231 nostri
946 4178 1077 4231 taceant
1109 4169 1249 4247 omnino,
1284 4166 1398 4230 comici
1428 4187 1563 4250 prorsus
1585 4186 1650 4228 non

405 4289 520 4296 ——

213 4329 301 4385 Immo
320 4349 354 4386 ea
373 4351 457 4405 quam
477 4335 557 4389 dedit
574 4335 728 4390 scholiasta
747 4335 932 4389 annotatione
958 4332 1064 4399 ὀβολοῦ
1083 4332 1151 4399 ὁλκή
1169 4350 1339 4403 cognoscere
1358 4333 1517 4396 debuerunt
1535 4332 1590 4386 viri
1608 4333 1651 4386 illi

212 4421 291 4476 docti
309 4423 424 4476 tertium
443 4422 514 4478 illud
534 4423 753 4493 comparationis
772 4422 848 4494 quod
864 4422 967 4478 dicitur
979 4438 1036 4474 non
1049 4439 1110 4474 esse
1124 4421 1243 4475 formam
1255 4421 1305 4474 sed
1318 4419 1439 4490 pondus.
1463 4419 1501 4472 Et
1512 4418 1650 4488 profecto,

212 4514 246 4562 ut
272 4510 430 4580 exemplum
459 4509 588 4578 afferam,
610 4510 829 4565 Lacedaemonii
854 4509 952 4581 primis
981 4509 1155 4579 temporibus
1179 4510 1333 4564 utebantur
1358 4507 1486 4577 nummis,
1505 4508 1561 4578 qui,
1588 4524 1652 4561 cum

212 4596 323 4666 pondus
342 4596 417 4650 idem
436 4603 518 4667 esset,
538 4603 566 4651 et
584 4598 676 4652 torma
694 4598 780 4669 longa
798 4596 922 4665 ὀβολοῦ,
952 4595 1027 4668 quod
1045 4595 1120 4649 idem
1140 4601 1183 4650 est
1201 4603 1287 4668 atque
1317 4593 1446 4663 ὀβολοῦ,
1472 4600 1500 4647 et
1529 4592 1651 4648 rotunda

211 4682 334 4738 τιλοίνου
353 4688 442 4754 erant,
459 4683 494 4738 de
513 4685 615 4756 quibus
635 4685 694 4754 egit
713 4684 881 4738 Hultschius
900 4683 950 4738 Gr.
968 4683 1026 4736 und
1046 4682 1142 4736 Roem.
1161 4682 1348 4752 Metrologie²
1367 4698 1395 4750 p.
1412 4681 1472 4736 634.

317 4770 338 4843 ¹)
357 4771 401 4827 Ne
419 4770 601 4826 Homericum
626 4771 740 4843 quidem
765 4771 836 4825 illud
861 4767 1013 4848 κρατιυτής
1035 4778 1117 4824 vetus
1135 4775 1193 4839 est,
1221 4770 1256 4824 da
1276 4768 1343 4822 libri
1361 4767 1394 4822 Il.
1412 4769 1429 4824 9
1448 4767 1653 4838 compositione

213 4856 346 4911 conteras
365 4858 473 4912 Robert
491 4857 611 4913 Studien
630 4875 680 4912 aur
697 4857 766 4912 Ilias
784 4877 813 4929 p.
830 4859 883 4915 494
901 4875 942 4928 sq.
