3796 5518
866 400 1074 465 „25-

249 596 377 673 partem
413 607 604 671 comparare
632 585 709 648 mihi
739 607 804 649 non
833 585 935 670 potui,
958 584 1056 649 credo
1090 584 1178 649 haud
1207 607 1326 670 magno
1357 585 1560 649 detrimento.
1607 580 1688 649 (lum

251 697 362 753 autem
384 688 417 764 hi
439 689 499 751 viri
524 689 654 751 nomina
677 710 727 769 ea,
750 709 833 772 quae
857 709 919 770 ego
939 696 1056 768 tracto,
1080 689 1209 751 omnino
1225 687 1294 751 fere
1310 709 1374 750 non
1390 687 1566 770 tetigerint,
1590 708 1689 770 quam

250 791 443 856 brevissime
483 813 616 876 possum
653 790 846 873 gravissima
886 799 1014 855 tantum
1052 789 1211 854 allaturus
1248 812 1318 854 sum
1356 789 1518 874 simulque
1556 790 1688 854 demon·

251 903 420 974 straturus,
445 902 602 978 quantum
626 892 681 956 ille
705 915 782 957 usus
805 893 847 956 ad
871 893 1030 957 cornicum
1054 914 1184 978 quoque
1208 913 1390 956 sermonem
1412 893 1614 976 pertinuerit.

358 997 406 1060 Ea
429 997 560 1060 nomina
581 1002 709 1081 patrem
732 993 787 1058 vel
809 1005 945 1058 matrem
979 993 1203 1078 significantia,
1235 1017 1318 1079 quae
1341 995 1532 1077 tragoediae
1554 995 1690 1079 propria

251 1100 372 1180 sunt¹)‚
401 1120 466 1162 non
494 1119 569 1160 raro
599 1095 773 1184 pluraliter
803 1106 1012 1181 usurpantur,
1045 1098 1071 1160 si
1102 1099 1212 1179 agitur
1243 1095 1283 1161 de
1315 1119 1379 1160 una
1401 1117 1552 1181 persona,
1586 1097 1631 1159 ita
1653 1107 1689 1160 ut

250 1203 394 1286 tragicos
416 1200 491 1264 huic
514 1222 571 1264 suo
594 1201 667 1264 usui
691 1221 750 1263 sua
772 1207 899 1263 tantum
921 1199 1052 1263 nomina
1075 1198 1251 1263 subiecisse
1273 1197 1452 1262 videamus.

357 1302 638 1368 Prasmonendum
661 1300 739 1365 mihi
773 1312 822 1364 est
857 1301 1048 1365 scholiastes
1082 1302 1161 1365 nihil
1192 1303 1262 1366 fere
1297 1302 1337 1365 de
1370 1300 1431 1365 hoc
1454 1301 1590 1386 pluralis
1627 1322 1688 1364 usu

252 1406 383 1484 dixisse,
396 1427 461 1490 qua
474 1407 515 1470 de
528 1403 697 1469 causailla
709 1413 776 1468 tam
787 1405 906 1483 inania,
928 1403 1020 1469 velut
1033 1427 1080 1485 ea,
1103 1427 1187 1489 quae
1211 1405 1253 1468 ad
1277 1403 1353 1468 Eur.
1370 1403 1428 1467 Ph.
1446 1403 1509 1467 943
1525 1401 1690 1488 adscripta

250 1508 414 1594 leguntur,
438 1499 507 1570 ἀντὶ
530 1507 585 1568 τοῦ
608 1504 716 1569 ἑνικοῦ
737 1503 774 1568 τὸ
797 1498 1021 1589 πληθυντικόν
1045 1498 1144 1587 εἶπεν,
1163 1507 1291 1571 omnino
1315 1507 1472 1573 omittam.
1506 1506 1570 1569 Pro
1594 1512 1689 1589 patre

251 1621 361 1675 autem
384 1610 521 1693 legimus
543 1609 626 1672 haec
648 1609 795 1674 nomina:

254 1710 284 1774 οἱ
305 1711 520 1793 φατεόσαντες
542 1708 611 1777 OO.
638 1711 729 1776 1377.

252 1811 443 1884 οἱτεκόντες
477 1777 545 1880 Ol.
570 1815 663 1894 1176,
697 1814 784 1899 quod
816 1814 954 1878 fortasse
986 1815 1057 1898 quis
1079 1824 1116 1878 ut
1138 1815 1170 1877 in
1194 1812 1326 1876 oraculo
1350 1810 1520 1876 obscurius
1544 1810 1690 1874 consulto

406 1917 528 1983 dictum
562 1918 740 1982 censuerit:
773 1922 904 1979 arenata
926 1936 977 1978 νιν
1010 1911 1082 1984 τοὺς
1115 1910 1264 1983 τεκόντας
1296 1899 1335 1999 ἦν
1363 1909 1472 1995 λόγος,
1506 1912 1581 1978 Hel.
1614 1912 1689 1995 943,

405 2020 459 2086 Hi.
486 2019 612 2097 10812).
1237 2025 1239 2031 ’

250 2129 353 2191 τοκεῐς
375 2121 435 2188 Oh.
455 2123 532 2204 384,
555 2121 626 2185 HF.
650 2121 731 2203 9153
753 2121 794 2185 de
816 2122 880 2187 Au.
905 2121 987 2185 1038
1010 2120 1094 2184 infra
1116 2118 1279 2203 agendum
1302 2121 1373 2183 erit.

251 2232 355 2306 γονεῖς
377 2225 476 2312 Soph.
500 2224 551 2292 El.
577 2227 637 2290 146
661 2223 714 2304 (l),
736 2226 810 2304 241,
832 2224 888 2290 Al.
913 2225 983 2300 714,
1007 2222 1058 2287 ΕΙ.
1082 2223 1154 2288 257.

252 2321 386 2410 ἄρσενες
410 2328 487 2392 Eur.
512 2328 569 2392 Ph.
593 2329 666 2394 943.

359 2431 455 2494 Notio
479 2431 591 2495 matris
614 2430 663 2494 his
686 2429 856 2494 vocabulis
881 2430 1091 2513 exprimitur:

251 2529 280 2593 οἱ
299 2526 515 2614 φοτεόσαντες
537 2531 606 2596 OT.
644 2533 738 2614 1007,
772 2533 864 2596 1012.

251 2631 281 2696 οἱ
304 2629 446 2704 τεκόντες
469 2634 548 2701 Eur.
580 2633 636 2699 Su.
666 2635 739 2716 819,
764 2633 851 2719 quod
874 2634 1034 2718 probatur
1063 2634 1218 2697 feminino
1243 2631 1383 2696 articulo
1406 2650 1521 2694 versus
1542 2629 1614 2710 943,
1636 2627 1693 2692 ubi

407 2737 543 2821 pluralis
594 2759 692 2801 verus
739 2747 804 2818 τοι,
856 2737 902 2800 Io.
950 2736 1042 2816 1409,
1081 2734 1136 2799 Or.
1174 2735 1237 2800 893
1282 2733 1433 2818 exempla
1470 2733 1567 2818 plane
1602 2741 1691 2796 certa

401 2861 466 2902 non
490 2850 573 2904 sunt.
978 2847 980 2853 ’

253 2939 283 3005 οἱ
304 2936 469 3021 τακόμενοι
492 2941 550 3006 Oh.
573 2941 646 3007 418.

255 3051 357 3113 τοκεῑς
380 3044 440 3110 Εα.
466 3046 537 3126 152,
562 3044 642 3108 Hec.
666 3046 739 3127 403,
764 3043 819 3110 Or.
842 3045 915 3112 819.
1022 3113 1026 3122 ,

251 3147 410 3212 Versibus
433 3157 541 3211 autem
564 3146 623 3212 Oh.
640 3148 738 3228 67618
759 3142 895 3227 ἐπείπερ
917 3143 1026 3228 ἄλλως,
1052 3131 1076 3207 ci
1098 3139 1167 3228 ξέν’,
1199 3143 1243 3215 εἰς
1261 3140 1376 3229 Ἄργος
1405 3150 1492 3225 κίεις,
1514 3140 1598 3227 πρὸς
1618 3141 1693 3212 τούς

252 3246 401 3318 τεκόντας
423 3251 583 3318 πανδίκως
611 3254 815 3334 μεμνημένος
844 3245 996 3312 τεθνεῶτ’
1026 3241 1176 3332 Ὀρέστην
1200 3245 1274 3312 εἰπέ
1295 3299 1301 3315 .
1326 3299 1334 3314 .
1359 3300 1365 3314 .
1390 3255 1519 3334 ‚poeta
1544 3246 1694 3310 consulto

252 3376 319 3417 non
355 3364 422 3416 tam
455 3354 630 3438 perspicuo
660 3351 824 3417 vocabulo
857 3375 934 3416 usus
967 3375 1037 3416 esse
1060 3351 1201 3434 videtur,
1225 3374 1299 3416 cum
1324 3349 1458 3416 Orestes
1481 3373 1530 3432 ea,
1553 3371 1637 3434 quae
1660 3349 1693 3411 in

361 3587 383 3659 ¹)
403 3587 525 3640 Exclusa
543 3588 631 3658 igitur
650 3593 717 3643 sunt
735 3586 825 3666 πατήρ
844 3594 872 3642 et
890 3588 987 3666 μήτηρ,
1010 3607 1074 3642 nam
1094 3587 1143 3643 Oh.
1161 3588 1213 3642 328
1231 3589 1401 3658 generaliter
1419 3587 1525 3640 dictum
1544 3590 1587 3640 est
1604 3601 1693 3655 aeque

253 3691 287 3728 ao
306 3674 392 3744 Soph.
412 3674 460 3728 Tr.
473 3677 550 3743 1268,
570 3675 630 3730 llT.
650 3676 726 3745 1318,
745 3676 785 3733 Ιο.
805 3678 885 3746 133ος
905 3676 974 3730 Hec.
993 3677 1045 3731 476
1063 3675 1182 3745 pluralis
1202 3679 1302 3743 exstat,
1321 3673 1397 3745 quod
1414 3673 1503 3727 verba
1521 3671 1600 3724 chori
1618 3675 1693 3739 sunt,

254 3766 285 3814 ut
308 3761 357 3819 Tr.
377 3763 457 3832 1309;
478 3762 517 3816 Io.
536 3763 596 3832 263,
615 3761 668 3832 Cy.
678 3764 723 3832 41,
741 3763 797 3818 An.
815 3765 866 3818 768
883 3769 995 3841 πατέρες
1014 3763 1226 3831 suntmai01·eS‚
1245 3763 1286 3815 ita
1305 3768 1336 3815 ut
1354 3761 1472 3831 pluralis
1491 3777 1542 3814 suo
1561 3760 1622 3812 loco
1642 3759 1692 3825 sit3

253 3866 351 3903 versus
379 3848 500 3920 deniqne
535 3849 593 3906 OT¹
622 3850 714 3919 140517
750 3838 773 3904 ri
800 3848 886 3920 γάμοι
913 3849 999 3921 γάμοι
1027 3894 1033 3906 .
1062 3893 1068 3906 .
1096 3893 1102 3906 .
1133 3850 1222 3904 ἀνεῖτο
1253 3846 1363 3904 ταύτόν
1388 3853 1493 3924 σπέρμα
1518 3841 1694 3916 κάτεδείἕατε

253 3939 382 4013 πατέρας,
402 3931 550 4006 ἀδελφούς,
573 3933 683 4004 παῖδας,
703 3932 761 4007 αἷμ’
783 3934 925 4006 ἐμφύλιον,
948 3937 1068 4008 νύμφας,
1087 3947 1228 4007 γυναῖκας,
1247 3941 1366 4014 μητέρας
1382 3955 1412 3989 τε
1432 3980 1438 3993 .
1458 3982 1464 3995 ,
1483 3940 1540 3988 tam
1558 3932 1694 3987 audacter

257 4023 410 4094 eademque
429 4028 487 4076 tam
506 4029 584 4076 certo
603 4024 721 4077 consilio
740 4023 817 4077 dicta
838 4029 913 4092 sunt,
931 4031 963 4077 ut
982 4033 1080 4078 auctor
1098 4027 1157 4101 περὶ
1168 4016 1262 4093 ὕψους
1280 4040 1341 4093 cap.
1355 4025 1388 4079 23
1406 4041 1434 4092 p.
1448 4023 1499 4078 194
1511 4022 1550 4075 eis
1567 4019 1696 4089 exemplo

255 4114 391 4179 uteretur,
419 4127 481 4163 cum
507 4111 542 4163 de
567 4111 663 4181 figura
688 4128 761 4181 quae
785 4111 889 4165 dicitur
908 4109 1054 4182 ἐνάλλαξις
1074 4110 1201 4189 ἀριθμῶν
1219 4111 1306 4165 verba
1324 4110 1444 4170 iaceret;
1471 4108 1573 4163 similia
1600 4113 1694 4160 autern

254 4200 321 4250 sunt
339 4196 406 4254 Her.
425 4199 485 4264 950,
503 4198 563 4267 956,
581 4196 642 4254 HF.
661 4198 721 4267 455,
741 4199 816 4252 1271.

357 4303 378 4364 2}
397 4300 490 4372 πολλῷ
509 4319 539 4369 γε
557 4299 668 4370 μᾶλλον
686 4295 798 4354 σαύτόν
816 4297 935 4366 insucae
954 4299 1039 4366 σέβειν

402 4381 505 4452 ἣτούς
523 4387 657 4452 τεκόντας
674 4379 740 4441 dota
760 4383 837 4465 δρᾶν,
857 4389 960 4452 δίκαιος
979 4383 1024 4441 civ.

254 4472 318 4527 Hoc
338 4474 401 4528 loco
420 4468 489 4538 τούς
507 4473 638 4538 τεκόντας
657 4474 792 4544 intellego
810 4479 928 4544 patrem,
954 4491 1017 4526 cum
1035 4472 1162 4526 Theseus
1181 4473 1315 4526 iniuriam
1335 4473 1412 4526 illam
1431 4472 1487 4526 sibi
1505 4471 1614 4524 illatam
1633 4485 1694 4522 esse

254 4552 371 4628 iudicet,
399 4578 456 4615 non
485 4558 640 4630 Phaedrae,
668 4561 706 4618 ct.
731 4578 757 4618 v.
782 4578 808 4618 v.
837 4562 912 4628 1026,
940 4560 1018 4629 1040,
1048 4561 1124 4624 1073,
1154 4559 1229 4614 1165.
1272 4560 1393 4614 Accedit
1419 4559 1495 4630 qnod
1518 4557 1695 4628 Hippolytus

257 4645 336 4699 nullo
364 4646 587 4716 propinquitatis
622 4647 736 4701 vinculo
771 4665 833 4700 curn
866 4647 965 4717 regina
1000 4646 1167 4700 coniunctus
1195 4651 1264 4717 erat,
1289 4649 1326 4704 cf.
1344 4665 1370 4702 v.
1389 4665 1415 4702 v.
1435 4647 1495 4714 905,
1522 4645 1582 4714 944,
1604 4644 1645 4696 ita
1664 4645 1697 4694 ut

255 4732 374 4786 vitiaret
402 4734 492 4804 patris
520 4751 642 4804 uxorem,
672 4751 729 4787 non
757 4751 836 4788 suam
863 4739 989 4793 matrem,
1047 4732 1282 4787 Wilamowitzius
1302 4738 1401 4789 contra
1434 4733 1463 4785 in
1494 4728 1698 4787 commentario

255 4818 294 4888 lp.
311 4820 374 4892 223)
393 4820 532 4874 intellexit
551 4826 670 4875 matrem
690 4823 734 4876 vel
754 4838 913 4889 novercam,
931 4821 1018 4875 vertit
1036 4824 1178 4890 parentes.
