3796 5518
814 385 1022 447 ..73-

306 572 400 637 Haec
431 574 581 659 quamvis
612 593 719 658 pauca
749 573 857 636 omnia
886 583 994 636 tamen
1025 583 1100 636 sunt
1123 594 1207 657 quae
1229 571 1347 636 afferre
1370 574 1461 656 potui
1485 561 1638 656 exempla

197 676 447 740 constructionis
470 674 614 740 verbalis
636 675 807 738 nominum
829 675 861 737 in
884 694 936 751 μα.
973 671 1122 739 Omnium
1147 675 1247 758 igitur
1263 673 1464 758 significatus
1480 697 1637 758 generum

195 777 337 842 vidimus
366 788 563 843 structuram
593 777 762 842 verbalem
791 800 810 842 a
842 777 1012 841 comoedia
1047 777 1255 863 repudiatam
1285 798 1364 856 esse,
1398 779 1522 864 quippe
1553 799 1637 862 quae

197 880 329 944 nomina
345 880 409 963 illa,
426 880 544 966 quibus
567 881 700 966 quidem
722 880 886 960 utebatur,
909 901 970 963 pro
992 882 1091 944 meris
1116 880 1327 943 substantivis
1350 878 1497 958 haberet,
1519 881 1552 942 in
1568 880 1638 964 qui·

196 983 258 1046 bus
282 985 414 1066 originis
437 981 581 1047 verbalis
593 984 730 1066 vestigia
745 1004 810 1047 non
824 983 889 1046 iam
902 981 1126 1046 cernebantur.
1165 982 1297 1066 Tragici
1310 993 1423 1046 contra
1439 993 1564 1067 poetae,
1582 983 1638 1066 qui

197 1088 362 1151 nominum
386 1088 418 1150 in
440 1105 486 1163 μα
507 1086 648 1172 plurima
671 1088 733 1169 ipsi
758 1084 819 1149 sibi
841 1085 1039 1166 formabant,
1072 1106 1137 1170 quo
1160 1085 1257 1148 modo
1283 1095 1315 1148 et
1338 1107 1401 1170 qua
1422 1085 1546 1167 origine
1569 1105 1638 1148 ore·

197 1199 320 1270 rentur,
345 1201 419 1253 ante
436 1190 548 1254 oculos
563 1188 731 1253 habebant
748 1210 851 1273 eaque
876 1188 917 1252 de
940 1210 1038 1252 causa
1061 1198 1258 1252 structuram
1281 1185 1374 1251 verbi
1394 1188 1439 1250 eis
1458 1184 1638 1250 attribuere

197 1313 439 1378 nonnumquam
465 1291 527 1356 sibi
549 1292 729 1357 sumebant.
768 1291 818 1354 Ao
841 1291 1139 1376 frequentissimum
1163 1289 1295 1374 quidem
1319 1299 1350 1352 et
1373 1288 1460 1375 quod
1481 1288 1638 1352 facillime

197 1393 417 1478 intellegimus
440 1405 522 1477 erat,
546 1393 633 1480 quod
649 1396 790 1475 nomina,
810 1415 894 1479 quae
910 1395 977 1456 vim
993 1394 1158 1479 passivam
1174 1389 1350 1472 habebant,
1366 1393 1638 1455 constructionem

197 1497 297 1559 etiam
326 1498 574 1583 participiorum
604 1498 743 1581 perfecti
774 1499 894 1583 passivi
924 1496 1154 1582 sequebantur.
1197 1495 1319 1558 Activa
1350 1506 1459 1557 autem
1487 1504 1518 1558 et
1542 1497 1638 1580 parti-

198 1599 330 1684 cipialia
363 1611 515 1665 naturam
546 1601 716 1665 verbalem
747 1601 835 1665 raro'
855 1623 933 1686 prae
964 1622 999 1664 se
1029 1597 1191 1677 ferebant,
1221 1598 1351 1681 saepius
1386 1597 1517 1682 quidem
1550 1595 1637 1681 apud

198 1703 400 1787 Euripidem,
418 1706 484 1789 qui,
499 1714 535 1769 ut
551 1705 582 1767 in
599 1704 760 1785 omnibus,
783 1726 868 1788 quae
885 1702 991 1767 adhuc
1002 1703 1153 1783 tractavi,
1168 1702 1213 1764 ita
1230 1701 1262 1762 in
1278 1699 1342 1763 hoc
1359 1701 1455 1763 etiam
1471 1701 1638 1762 nominum

197 1829 259 1873 usu
282 1830 373 1872 suam
396 1809 483 1872 viam
506 1809 671 1890 ingressus
695 1828 753 1870 sua
776 1808 906 1872 licentia
929 1806 1092 1870 utebatur.
