3796 5518
877 398 1087 461 -90-

571 573 597 647 ὦ
617 583 728 667 μῆτερ,
752 579 869 655 ανάδος
891 581 987 663 δεῦρο
1009 575 1068 667 τὴν
1089 579 1268 668 ἐτνήρυσιν,

571 677 612 750 ἵν’
634 682 722 756 ἔτνος
743 690 884 764 καταχέω
905 676 1101 770 τούλατῆρος
1121 689 1258 768 τουτονί,

265 800 297 855 ιι
319 791 381 878 aq.
406 790 488 856 1182

571 885 592 973 ἦ
613 889 808 971 Γοργολόφα
831 882 862 952 α’
883 884 1031 953 ἐκέλευσε
1051 882 1181 952 τουτονί
1202 895 1314 971 φαγεῖν

572 989 732 1075 ἐλατῆρος,
754 990 805 1056 ἵνα
826 987 883 1062 τὰς
904 990 980 1062 ναός
1001 986 1185 1072 ἐλαύνωμεν
1205 991 1314 1064 καλῶς.

265 1096 476 1182 Significatur
512 1108 622 1161 autem
666 1095 727 1160 hoc
757 1095 887 1160 nomine
923 1098 1017 1181 panis
1043 1094 1098 1159 vel
1127 1093 1281 1179 placente
1311 1097 1426 1161 eodem
1456 1097 1553 1161 modo
1577 1095 1706 1161 Calliae

265 1200 305 1264 l'r.
336 1201 387 1282 21,
425 1199 481 1264 ubi
519 1200 560 1263 de
595 1199 796 1284 simplicibus
829 1197 894 1262 illis
927 1197 1030 1279 donis,
1069 1220 1152 1284 quae
1187 1197 1287 1263 choro
1320 1199 1454 1285 antiqua
1488 1207 1596 1262 aetate
1633 1198 1704 1263 dari

270 1301 420 1366 solebant
459 1300 555 1366 aliter
595 1324 633 1365 ac
668 1310 786 1386 poetae
820 1301 922 1388 ipsius
956 1311 1074 1377 aetate,
1107 1300 1211 1366 verba
1255 1300 1371 1381 fiunt¹)
1405 1313 1438 1366 et
1472 1311 1705 1365 enumerantur

265 1398 364 1485 ἔτνος,
408 1401 484 1486 πόρ,
534 1402 718 1482 γογγυλίδες,
774 1397 911 1484 (idoare,
958 1402 1146 1484 δρυπεπεῖς,
1197 1398 1348 1486 ἐλατῆρες
1357 1402 1391 1486 ²).
1459 1403 1561 1468 ΡΙστα
1610 1402 1705 1467 huius

268 1505 422 1571 vocabuli
458 1505 611 1593 exempla
652 1528 716 1570 non
754 1520 895 1587 exstant,
934 1505 1022 1591 quod
1062 1527 1172 1570 rarum
1209 1507 1339 1570 omnino
1382 1505 1482 1569 fuisse
1519 1527 1626 1590 neque
1670 1506 1705 1567 in

268 1611 410 1673 omnium
445 1631 505 1673 usu
539 1607 699 1694 probatur
733 1607 883 1672 Eustathi
918 1606 1039 1688 verbis,
1069 1629 1153 1692 quae
1177 1629 1208 1693 p.
1232 1607 1306 1690 877,
1328 1609 1370 1672 34
1392 1607 1547 1689 leguntur
1570 1603 1589 1667 ό
1612 1605 1652 1669 όέ
1670 1626 1705 1685 γε

264 1702 401 1787 κωμικός
432 1713 486 1773 καί
515 1732 546 1772 τι
580 1716 748 1789 πέμματος
784 1701 851 1772 οἶδε
892 1701 948 1772 τόν
986 1704 1133 1792 ἐλατῆρα,
1171 1700 1212 1778 ὥς
1250 1705 1286 1772 ἐν
1317 1715 1383 1778 τοῖς
1420 1703 1568 1772 Ἱππεῦσι
1601 1707 1703 1789 δηλοῖ.

265 1811 330 1876 Ηίσ
351 1816 443 1899 panis
466 1812 520 1877 vel
543 1813 624 1878 haec
646 1811 800 1897 placenta
821 1835 941 1877 nomen
964 1810 1066 1892 duxit,
1097 1822 1133 1875 ut
1155 1812 1329 1877 scholiasta
1351 1811 1395 1877 ad
1416 1813 1437 1877 l.
1462 1822 1495 1876 et
1518 1811 1704 1897 Hesychius

267 1927 300 1978 et
332 1914 449 1980 Suidas
480 1916 608 1995 docent,
637 1937 710 1978 cum
738 1928 923 1979 nostrorum
955 1925 1138 2000 temporum
1167 1935 1274 2000 neque
1306 1916 1411 1980 critici
1433 1937 1540 2000 neque
1564 1912 1704 1978 editores

268 2019 442 2102 quicquam
473 2016 516 2081 ad
545 2015 778 2103 explicandum
809 2017 1018 2099 contulerint,
1048 2021 1179 2094 nomen,
1208 2018 1292 2098 dico,
1325 2018 1420 2082 duxit
1450 2014 1540 2096 παρὰ
1568 2015 1607 2078 τὸ
1636 2022 1705 2084 ταῖς

265 2120 377 2202 χερσὶν
399 2115 592 2182 ἐλαύνεσθαι
623 2115 668 2188 εἰς
697 2115 828 2197 πλάτος,
858 2141 942 2205 quae
970 2132 1078 2184 tamen
1102 2121 1277 2205 explicatio
1300 2122 1431 2207 passiva
1454 2130 1606 2206 suspecta
1628 2118 1705 2183 mihi
1780 2133 1784 2146 ·

270 2221 412 2289 videtur.
440 2222 551 2287 Aliam
573 2223 743 2304 rationem,
775 2245 840 2308 qua
868 2245 986 2287 nomen
1011 2223 1243 2308 explicandum
1275 2224 1326 2304 sit,
1350 2247 1401 2287 me
1425 2225 1587 2287 invenisse
1613 2233 1704 2308 puto.

267 2317 427 2388 Ἐλσόνειν
458 2327 541 2403 enim
566 2338 614 2390 cst
643 2347 761 2407 agere,
793 2326 911 2390 deinde
944 2347 1062 2390 navem
1086 2328 1185 2391 etiam
1215 2325 1312 2389 remis
1335 2347 1432 2410 agere
1456 2336 1488 2390 et
1509 2324 1706 2411 propellere,

268 2428 356 2513 quod
381 2427 495 2492 eodem
511 2449 610 2492 versu
626 2428 764 2512 legimus
787 2425 839 2490 ἵνα
859 2422 915 2497 τὰς
936 2428 1012 2497 ναῦς
1033 2423 1213 2508 ἐλαύνομεν
1234 2427 1345 2509 καλῶς,
1368 2426 1431 2494 Οδ.
1457 2429 1507 2510 13,
1536 2428 1597 2492 155
1619 2426 1706 2491 aliis-

268 2551 332 2616 que
354 2529 444 2596 locis.
490 2530 656 2616 Sequitur,
679 2538 716 2595 ut
730 2524 844 2613 ἐλοτήρ
868 2553 938 2615 οεεο
960 2542 1072 2617 posset
1089 2553 1202 2596 remex
1211 2531 1247 2613 ³),
1271 2541 1303 2595 et
1325 2553 1400 2595 cum
1422 2533 1574 2596 suffixum
1589 2550 1649 2612 τηρ
1665 2527 1707 2592 de

270 2634 492 2697 instrumentis
527 2635 625 2697 etiam
664 2646 888 2721 usurparetur,
923 2629 1039 2716 ἐλατὴρ
1072 2635 1143 2721 ipse
1183 2657 1293 2699 remus
1330 2657 1400 2699 esse
1438 2629 1554 2721 potuit.
1599 2633 1706 2697 Huius

268 2737 470 2820 significatus
489 2735 676 2823 exemplum
699 2760 763 2802 non
787 2749 893 2801 exstat
914 2759 1021 2823 neque
1044 2738 1076 2801 in
1099 2760 1160 2802 usu
1184 2737 1334 2803 sollemni
1359 2739 1459 2802 fuisse
1484 2737 1624 2817 videtur,
1648 2732 1706 2799 sed

268 2839 422 2903 formatio
433 2841 501 2904 eius
519 2841 657 2904 nominis
667 2839 816 2903 omnibus
826 2839 961 2904 Graecis
970 2841 1075 2927 primo
1089 2841 1204 2905 obtutu
1218 2843 1394 2927 perspicus
1406 2853 1486 2905 erat.
1500 2834 1706 2904 Huiusmodi

269 2943 370 3026 igitur
392 2964 509 3025 remus,
533 2943 555 3006 i.
579 2965 605 3006 e.
630 2941 785 3027 placenta
808 2945 854 3005 ita
877 2943 1026 3024 formata,
1049 2966 1115 3008 non
1137 2945 1205 3009 lata
1227 2942 1285 3007 sed
1308 2941 1415 3027 longa,
1438 2942 1545 3006 Demo
1561 2941 1706 3019 offertur,

270 3059 303 3111 et
333 3044 434 3110 talem
464 3069 588 3110 remum
619 3045 730 3132 puella
759 3045 818 3110 illa
848 3045 880 3110 in
910 3046 1170 3112 Acharnensium
1193 3046 1306 3111 fabula
1329 3045 1409 3110 deae
1434 3043 1627 3110 dedicatura
1650 3055 1707 3121 est,

270 3157 370 3234 atque
409 3151 441 3212 in
483 3170 522 3212 eo
555 3150 698 3214 niaxime
738 3170 873 3212 acumen
916 3149 979 3214 loci
1022 3152 1165 3235 positum
1210 3171 1281 3214 esse
1327 3157 1416 3234 puto,
1462 3146 1551 3232 quod
1596 3142 1708 3229 puella

268 3272 395 3316 remum
425 3273 487 3315 non
519 3253 552 3315 in
575 3273 694 3336 aquam
717 3251 890 3335 immergit,
922 3267 957 3316 ut
979 3253 1011 3315 in
1034 3251 1122 3317 bello
1145 3251 1217 3316 fieri
1240 3251 1334 3331 solet,
1365 3251 1423 3316 sed
1445 3251 1520 3330 iam,
1544 3269 1617 3311 cum
1640 3267 1707 3330 pax

268 3353 439 3433 exstiterit,
468 3352 560 3437 pulte
589 3351 807 3437 superfundit.
852 3354 881 3418 Ε
912 3377 1000 3419 more
1031 3357 1116 3420 enim
1146 3354 1296 3418 sollemni
1326 3353 1421 3419 dulce
1453 3348 1586 3436 aliquod
1618 3343 1706 3415 ἔτνος

267 3455 428 3540 placentis
443 3455 506 3520 illis
522 3455 729 3539 superfusum
749 3478 829 3536 esse,
843 3469 879 3522 ut
893 3457 1043 3522 Koekius
1058 3459 1101 3522 ad
1116 3458 1273 3543 Equitum
1290 3457 1312 3521 l.
1330 3454 1529 3542 explanarit,
1544 3453 1707 3518 refutatur

268 3580 344 3623 vers
355 3558 434 3623 uillo
443 3556 569 3623 Galliae
583 3580 679 3643 quem
688 3559 792 3624 attuli.
809 3558 906 3623 Hunc
917 3561 1056 3623 nominis
1068 3559 1286 3638 significatum
1300 3582 1397 3645 quem
1410 3558 1525 3643 aperui
1533 3566 1707 3620 nautarum

268 3661 453 3726 Atticorum
486 3661 646 3744 imprimis
681 3662 849 3746 proprium
881 3662 981 3726 fuisse
1015 3661 1123 3742 credo,
1158 3663 1215 3726 sed
1246 3671 1355 3726 tamen
1388 3660 1542 3746 exempla
1576 3664 1706 3722 exstant

268 3763 342 3844 alia,
372 3763 492 3848 quibus
516 3761 662 3828 Graecos
688 3762 793 3827 forma
816 3762 953 3830 alicuius
973 3767 1179 3829 instrumenti
1202 3787 1304 3850 panes
1326 3787 1403 3828 suos
1425 3765 1609 3828 nominasse
1630 3781 1703 3845 pro·

268 3868 376 3948 batur,
397 3865 490 3930 velut
511 3863 709 3946 κόλλαβοςῆ.

373 4073 394 4136 ¹)
414 4069 458 4124 of.
477 4068 588 4122 Fritsch
610 4068 814 4138 Thesmophor.
849 4086 877 4138 p.
894 4071 954 4124 239.

370 4176 393 4244 ²)
424 4173 469 4232 Of.
500 4174 588 4229 Arist.
618 4175 654 4227 ir.
683 4175 744 4242 253,
770 4174 819 4229 ubi
850 4174 949 4228 similis
969 4179 1012 4228 est
1030 4176 1178 4233 sensus:d
1205 4192 1291 4249 χσρσς
1317 4168 1451 4249 δὀόρχεῖτ’
1475 4165 1510 4225 ἂν
1531 4165 1706 4238 ἐναψάμενος

268 4254 389 4325 δοίπιδας
408 4263 457 4314 καὶ
475 4255 714 4337 στρωματόδεσμα
734 4256 963 4330 διαμασχαλίσας
982 4255 1073 4316 αὐτόν
1092 4262 1215 4331 σχελίσιν
1233 4265 1282 4314 καὶ
1301 4260 1419 4331 φύσκαις
1437 4263 1486 4315 καὶ
1504 4264 1664 4330 ῥαφανῖσιν.

372 4365 393 4437 ⁸)
414 4365 531 4419 Nonnus
555 4367 597 4433 39,
620 4366 672 4420 306
695 4363 797 4418 πολλοὶ
821 4361 844 4417 δ’
863 4365 934 4422 ἔνθα
959 4369 1007 4420 καὶ
1026 4365 1097 4420 ἔνθα
1122 4365 1311 4442 πολυσπερέων
1335 4362 1478 4439 ε’λατήραν
1504 4362 1608 4416 πόντον
1628 4359 1706 4428 οἱμοι·

266 4452 388 4514 λαιοῖσιν
407 4449 608 4520 ἀνασχίζοντες
626 4451 755 4528 ἐρετμοῖς.

280 4543 283 4550 ’
371 4555 393 4628 ⁴)
411 4555 503 4609 Unam
515 4561 609 4608 autem
626 4555 745 4609 formam
755 4557 844 4610 fuisse
860 4575 901 4627 eo,
914 4558 989 4630 quod
1003 4556 1120 4622 πέλανος
1133 4563 1161 4610 et
1173 4556 1275 4623 ὀβολός
1293 4557 1538 4627 comparabantur,
1556 4569 1613 4606 non
1629 4553 1707 4633 recte

268 4642 467 4696 concluserunt
484 4641 638 4698 Passovius
658 4649 686 4697 et
704 4643 828 4714 Papsius
847 4663 869 4699 ε.
887 4663 914 4700 v.
933 4645 1022 4699 secuti
1040 4643 1157 4699 Suidam
1176 4651 1204 4698 et-
1221 4643 1363 4710 Photium‚
1381 4645 1430 4713 qui
1449 4641 1566 4707 πέλανος
1584 4642 1706 4713 explica-

268 4733 370 4783 verunt
388 4729 404 4784 d
424 4737 463 4801 τῷ
481 4727 575 4799 μάντει
594 4726 736 4800 διδόμενος
756 4726 854 4801 μισθός
870 4728 967 4798 ὀβολός
986 4739 1014 4785 et
1032 4732 1124 4786 illiciti
1149 4733 1243 4788 verbis
1262 4731 1398 4788 Nicandri
1416 4729 1548 4800 Alexiph.
1571 4732 1632 4796 488,
1656 4729 1706 4798 qui

268 4816 303 4870 de
326 4817 542 4889 purgaminibus
560 4820 647 4875 verba
671 4819 781 4872 iaciens
799 4820 918 4890 scripsit
936 4823 985 4872 καί
1003 4837 1068 4873 ποτε
1086 4816 1218 4897 νεδρινὲης
1240 4818 1362 4872 πελάνου
1374 4816 1460 4893 βάρος
1487 4814 1592 4898 ἄμμορε
1601 4823 1706 4884 πίσσης.
