3796 5518
856 404 1064 468 -24-

235 614 259 656 a
294 589 461 655 comoedia
494 591 701 672 vitabantur,
747 611 830 675 quae
871 611 941 672 res,
986 592 1019 655 in
1064 613 1162 676 quam
1206 594 1302 658 altius
1345 597 1537 680 inquiratur,
1575 595 1675 680 digna

240 703 328 757 certe
352 701 410 756 est.
421 693 443 773 1)

345 797 445 884 Apud
461 801 631 884 utriusque
653 817 790 884 poeseos
812 800 942 880 generis
964 808 1079 885 poetas
1094 807 1233 866 matrem
1249 797 1412 882 significat
1427 823 1545 866 nomen
1559 800 1675 886 μήτηρ,

235 901 327 987 quod
357 901 444 965 idem
473 903 506 964 in
528 899 652 964 blanda
681 909 739 964 aut
759 902 924 965 reverenti
954 900 1176 986 appellatione
1199 904 1242 968 ad
1266 901 1435 968 mulierem
1458 906 1545 967 lacta
1569 913 1675 969 aetate
1768 981 1771 988 Ι

238 1014 431 1091 provectam
465 1013 652 1088 usurpatur,
674 1001 766 1067 velut
788 983 845 1069 Pef
870 1004 942 1086 218,
973 1004 1031 1067 ubi
1060 1026 1154 1068 senes
1176 1005 1323 1089 reginam
1346 1005 1558 1091 alloquuntur
1581 1002 1621 1069 ού
1641 1023 1678 1070 σε

238 1104 455 1188 βουλόμεσθα,
483 1105 594 1191 μῆτερ,
623 1100 689 1171 οὔτ’
720 1103 797 1187 ἄγαν
826 1113 938 1191 φοβεῖν
960 1105 1073 1188 λόγοις,
1106 1112 1152 1175 Io.
1175 1112 1267 1192 1324,
1290 1107 1351 1192 Ly.
1367 1109 1440 1188 549,
1463 1109 1546 1171 siout
1562 1107 1675 1174 eodem

238 1211 336 1274 modo
352 1206 458 1294 πατὴρ
482 1210 677 1291 dicitur,Pe.
702 1212 773 1293 667,
797 1211 897 1298 Soph.
922 1212 972 1277 El.
991 1213 1083 1292 1361,
1105 1214 1167 1299 Eq.
1184 1213 1255 1280 726.
1299 1213 1449 1297 Excepto
1476 1209 1676 1276 deminutivo

239 1313 296 1376 illo
340 1313 520 1397 μητρίύιον,
556 1314 645 1398 quod
674 1313 794 1397 legitur
822 1315 884 1400 Ly.
911 1314 986 1409 Ι549,
1017 1315 1255 1403 Aristophanes
1285 1313 1373 1379 aliud
1397 1312 1594 1377 vocabulum
1616 1335 1676 1398 pro

237 1425 340 1478 matre
374 1437 509 1499 prorsus
532 1417 669 1499 ignorat,
693 1437 767 1480 cum
790 1409 810 1500 ἡ
836 1417 971 1479 τεκοῦσα
1002 1417 1064 1502 Ly.
1089 1419 1161 1497 636,
1192 1419 1249 1483 Εο.
1273 1418 1337 1482 235
1367 1416 1452 1481 elate
1477 1415 1600 1479 dictum
1627 1419 1676 1480 sit.

237 1517 419 1604 Sophocles
442 1520 542 1582 utitur
556 1521 697 1600 nomine,
720 1519 809 1604 quod
825 1520 914 1603 apud
932 1542 1030 1584 unum
1047 1543 1119 1585 eum
1135 1522 1266 1604 legitur,
1291 1513 1310 1603 ἡ
1326 1521 1478 1581 τίκτουσα
1498 1516 1566 1583 OT.
1586 1520 1678 1599 1247,

238 1620 288 1684 ΕΙ.
320 1620 398 1702 342,
434 1643 534 1707 porro
563 1606 728 1686 invenitor
758 1617 887 1702 τροφός,
922 1621 973 1686 Ai.
1010 1624 1073 1688 849
1106 1617 1248 1702 ἄγγειλον
1280 1617 1358 1692 ἄτας
1388 1617 1445 1690 τὰς
1476 1616 1555 1699 ἐμὰς
1574 1617 1679 1703 μόρον

243 1715 352 1801 τ’ἒμὸν
381 1727 505 1802 γέροντο
532 1723 631 1804 πατρὶ
660 1722 698 1807 τῇ
725 1744 760 1786 τε
782 1721 927 1808 δυστήνῳ
950 1723 1070 1808 τροφῷ,
1102 1748 1199 1811 quam
1231 1724 1454 1810 Campbellius
1484 1725 1679 1787 curatrioem

245 1824 432 1890 Telamonis
464 1848 529 1890 non
566 1834 656 1891 recte
689 1826 868 1909 intellexit3
898 1829 1066 1914 Euripidis
1099 1829 1235 1914 propria
1271 1838 1346 1893 sunt
1374 1831 1454 1904 μαῖα
1483 1825 1536 1889 Al.
1560 1826 1629 1891 393·
1647 1837 1678 1890 et

245 1926 467 2009 παιδοτρόφος
489 1927 560 1996 HE.
584 1930 657 1995 902.

348 2032 463 2096 Totius
501 2040 611 2096 autem
647 2031 837 2116 tragoediae
875 2041 932 2113 est,
978 2031 1066 2117 quod
1104 2035 1174 2117 ipsa
1209 2034 1269 2095 sibi
1306 2033 1471 2105 formavit,
1495 2025 1678 2114 ἡτεκούσα,

241 2131 299 2196 Oh.
325 2134 396 2215 133,
421 2133 473 2198 Al.
500 2135 559 2198 167
592 2133 729 2218 aliisque
759 2134 840 2198 loeis
873 2134 1054 2220 permultis.
1100 2134 1197 2215 Quod
1223 2156 1295 2198 cum
1318 2134 1557 2198 substantivum
1580 2133 1680 2214 parti·

239 2234 360 2322 cipiale
384 2236 468 2317 siti),
501 2237 675 2301 articulum
699 2238 886 2301 assumebat
910 2235 1056 2322 exceptis
1085 2236 1236 2301 versibus
1259 2237 1320 2301 Eu.
1343 2237 1404 2302 517
1431 2237 1555 2317 cantici,
1580 2235 1679 2320 Soph.

147 2361 148 2366 ¹
242 2339 298 2404 Tr.
331 2339 403 2421 818,
436 2337 504 2406 OT.
536 2342 628 2422 1175,
662 2341 720 2404 ubi
752 2344 857 2425 magis
890 2340 1034 2406 verbalis
1064 2353 1113 2406 est
1143 2364 1241 2426 quam
1270 2339 1443 2403 nominalis
1469 2338 1678 2420 significatus.

242 2441 417 2528 Euripides
448 2465 580 2528 quoqne
610 2443 714 2508 semel
745 2466 817 2507 eum
841 2445 958 2526 omisit,
989 2441 1044 2509 Or.
1073 2446 1135 2510 291
1166 2442 1293 2526 μήποτε
1314 2439 1467 2524 τεκούσης
1491 2436 1535 2509 εἰς
1557 2436 1681 2520 σφαγὰς

241 2531 326 2606 ὦσαι
347 2543 447 2624 ξίφος,
470 2568 535 2630 qua
558 2569 593 2610 re
618 2547 759 2611 offensus
781 2546 946 2611 Personus
968 2546 1164 2611 restituebat
1186 2542 1230 2629 μὴ
1253 2539 1317 2627 τῆς,
1339 2543 1491 2626 neglecta
1514 2541 1681 2627 Euripidis

244 2649 277 2711 in
301 2669 449 2711 sermone
474 2647 645 2712 formando
668 2649 809 2713 licentia.
855 2649 980 2713 Eodem
1005 2652 1088 2714 enim
1110 2648 1206 2714 modo
1229 2647 1321 2712 deest
1345 2646 1502 2710 articulus
1525 2645 1580 2709 IT.
1600 2645 1679 2709 1301

242 2743 300 2812 oda
330 2741 365 2811 εἶ
387 2748 589 2829 κρατούντων
625 2748 711 2830 πρὸς
746 2746 849 2820 πύλας
885 2741 961 2813 ὅσον
998 2747 1092 2829 τάχος
1129 2764 1171 2832 et,
1210 2748 1298 2836 quod
1332 2751 1465 2833 gravius
1501 2755 1560 2826 est,
1594 2745 1682 2832 apud

244 2851 460 2916 Menandrum
483 2851 622 2937 legimus
645 2855 685 2918 fr.
711 2854 773 2918 716
802 2848 887 2938 ὁμὴ
915 2858 1041 2934 τρέφων
1069 2854 1225 2916 τεκοῦσαν
1255 2847 1290 2914 ἐκ
1318 2854 1428 2931 τέχνης
1450 2853 1520 2918 νέος
1541 2842 1683 2932 ἄκαρπος

242 2938 336 3022 οὗτός
357 2948 419 3016 ἐστ’
437 2946 504 3017 ἀπὸ
521 2949 609 3038 ῥίζης
628 2952 751 3025 κλάδος.
784 2956 890 3020 Huius
913 2967 1021 3020 autem
1044 2979 1123 3020 usus
1147 2978 1245 3021 causa
1268 2978 1307 3019 ea
1330 2965 1389 3035 est,
1413 2952 1499 3039 quod
1518 2948 1538 3036 ἡ
1550 2953 1683 3034 τεκοῦσα

248 3054 399 3143 Euripidi
421 3059 525 3142 magis
548 3060 717 3144 magisque
734 3061 766 3122 in
781 3060 850 3121 veri
863 3059 1059 3123 substantivi
1081 3059 1220 3123 formam
1236 3058 1421 3137 transierat,
1445 3079 1540 3141 quarn
1555 3079 1623 3120 rem
1636 3056 1682 3120 eis

251 3180 335 3244 quae
359 3172 540 3244 sequuntur
559 3162 840 3225 demonstraturus
863 3184 943 3225 sum.
983 3161 1067 3227 (lum
1091 3163 1174 3226 enim
1190 3173 1341 3225 naturam
1357 3161 1495 3224 nominis
1510 3158 1683 3223 verbalem

247 3284 484 3341 cognoscamus
507 3285 556 3345 eo,
579 3260 667 3349 quod
692 3285 803 3327 casum
826 3266 1050 3329 accusativum
1066 3264 1127 3327 sibi
1153 3263 1311 3346 adiungit,
1333 3262 1425 3327 velut
1444 3252 1463 3344 ἡ
1487 3256 1685 3340 tenebratus

250 3363 303 3428 ΑΙ.
326 3364 398 3444 517,
436 3365 482 3428 Io.
506 3366 556 3448 57,
598 3365 688 3447 1370,
728 3365 790 3431 An.
823 3369 894 3438 294,
933 3368 1003 3432 aliis
1039 3366 1119 3431 locis
1149 3366 1246 3454 plane
1275 3388 1335 3452 pro
1367 3364 1571 3429 substantivo
1600 3363 1684 3428 illud
1715 3433 1718 3440 ,

245 3475 440 3552 usurpatum
475 3490 544 3532 esse
575 3469 733 3534 videmus.
778 3470 958 3533 Numerum
988 3467 1150 3553 pluralem
1181 3469 1318 3550 legimus
1342 3467 1397 3533 Su.
1421 3468 1494 3549 943,
1523 3465 1683 3550 pendete

245 3571 376 3633 nomine
400 3571 562 3652 genitivus
585 3571 639 3638 Al.
666 3573 724 3636 167
748 3563 850 3634 adreio
873 3565 892 3654 ἡ
915 3565 1039 3634 τεκούσ’
1062 3561 1254 3653 ἀπόλλυμαι,
1279 3571 1325 3634 Io.
1349 3569 1456 3652 308³),
1485 3571 1563 3655 quin
1587 3571 1684 3632 etiam

245 3672 280 3735 in
303 3671 498 3737 allocutione
521 3673 644 3738 dictum
672 3676 854 3738 invenimus
878 3659 1068 3744 direxerim,
1098 3673 1179 3736 Hec.
1202 3673 1276 3753 426,
1306 3673 1355 3737 El.
1383 3671 1472 3754 1061,
1503 3672 1556 3754 al,
1586 3692 1685 3757 quam

245 3774 479 3860 appellationis
508 3777 682 3841 formulam
713 3775 777 3841 alio
811 3777 882 3841 loco
910 3798 974 3840 non
1005 3776 1069 3859 legi
1099 3777 1159 3838 nisi
1187 3777 1219 3838 in
1251 3775 1364 3839 mutilo
1396 3775 1435 3840 fr.
1466 3774 1577 3858 adesp.
1611 3772 1684 3853 548,

244 3877 336 3962 quod
359 3889 408 3942 est
425 3873 462 3939 σύ
478 3869 517 3955 δ’,
540 3867 565 3938 ὦ
587 3877 731 3961 τεκοῦσα,
753 3877 799 3964 μὴ
820 3877 879 3963 τὴν
901 3879 962 3964 σὴν
982 3878 1092 3959 λοβοῖσι
1113 3873 1323 3940 κατύσττενδε’
1339 3877 1495 3959 παρηίδα,
1518 3875 1606 3962 quod
1622 3875 1684 3940 hao

249 3980 290 4045 de
333 4003 431 4045 causa
481 3979 632 4066 Euripidi
676 3985 738 4068 ipsi
772 3983 952 4048 attribuere
989 4005 1054 4047 non
1084 3983 1210 4062 dubito,
1248 3984 1440 4067 praesertim
1468 4001 1541 4044 cum
1567 3981 1686 4063 παρηίς

246 4104 380 4168 quoque
403 4085 433 4147 ei
455 4085 657 4149 tritissimum
680 4088 721 4148 sit
742 4097 775 4150 et
798 4085 878 4151 illud
902 4086 1032 4171 quidem
1050 4083 1090 4148 de
1107 4084 1300 4147 feminarum
1315 4103 1401 4166 gena
1418 4082 1541 4146 dictum
1557 4101 1686 4168 semper

250 4194 392 4272 excepto
415 4207 481 4250 uno
503 4207 602 4250 versu
625 4186 674 4249 El.
701 4189 786 4270 1216Ι
806 4187 955 4274 1γ11οο.4)

351 4320 373 4391 1)
393 4319 476 4373 Hanc
499 4319 692 4374 differentiam
718 4324 818 4392 paucis
842 4321 1045 4375 demonstravit
1072 4320 1128 4373 iam
1152 4319 1247 4372 Wirth
1271 4319 1315 4372 De
1337 4317 1461 4371 motione
1480 4317 1684 4370 adiectivorum

244 4423 319 4478 quae
347 4407 376 4459 in
405 4424 446 4472 τος
474 4425 535 4473 arog
562 4425 615 4472 αος
643 4427 703 4478 ιμος
732 4410 927 4478 terminantur,
954 4407 1027 4466 stud.
1051 4407 1193 4477 Lipsiens.
1228 4407 1291 4474 3p.
1326 4406 1361 4458 35
1380 4421 1449 4474 sqq,
1468 4405 1504 4459 50
1522 4421 1583 4474 sqq.
1618 4402 1685 4454 Alia

247 4493 381 4564 cognosci
399 4499 519 4562 possunt
538 4512 571 4548 ex
590 4496 732 4565 exemplis,
751 4513 823 4566 quae
842 4496 1010 4549 Kuehnerus
1031 4494 1049 4553 l.
1068 4495 1086 4550 l.
1105 4493 1120 4548 1
1139 4496 1162 4562 1,
1180 4493 1233 4548 535
1251 4490 1357 4547 attulit.

357 4580 378 4651 2)
398 4579 442 4634 Cf.
462 4579 496 4633 de
514 4580 570 4634 illis
589 4581 725 4635 Kuehner
743 4583 761 4638 l.
779 4583 797 4636 1.
815 4581 844 4636 Il
865 4585 888 4652 1,
907 4584 972 4650 2663
990 4582 1154 4652 Brugmann
1173 4579 1222 4634 Gr.
1242 4576 1420 4634 Grammatik
1442 4579 1452 4611 ⁸
1470 4593 1498 4646 p.
1516 4575 1576 4630 414.

352 4669 375 4734 8)
395 4666 439 4722 Of.
458 4666 575 4720 Lobeck
594 4666 631 4720 ad
649 4668 693 4724 Αἰ,
713 4670 773 4725 360.

351 4752 373 4814 ‘l
392 4753 424 4808 0.
452 4753 547 4809 Hense
571 4756 747 4824 comparavit
766 4773 828 4809 cum
847 4756 900 4808 hoc
920 4753 1081 4824 fragmento
1099 4769 1210 4806 versum
1229 4755 1268 4804 Io.
1287 4751 1338 4804 242
1358 4744 1486 4824 δακρύοις
1504 4744 1529 4799 θ’
1550 4741 1683 4821 ὑγράναο’

247 4837 342 4909 εὐγενῆ
363 4835 494 4918 παρηίδα.
