3796 5518
876 409 1085 476 ..84-

260 616 329 678 τρις
351 595 515 672 exhibeat,
541 597 736 679 praesertim
758 596 845 662 illius
868 599 1049 682 compositi,
1080 599 1169 684 quod
1191 598 1234 664 ab
1257 600 1371 663 Attica
1395 599 1536 665 dialecto
1558 600 1702 666 alienum

259 707 341 783 arat,
371 700 418 764 ita
446 707 481 764 ut
503 695 689 782 ἱππηλάτης
711 697 823 786 (Soph.
850 700 890 765 fr.
912 701 990 782 559)
1022 701 1064 766 ab
1087 700 1313 766 Antiatticista
1334 725 1366 786 p.
1393 701 1445 783 97,
1467 703 1510 767 33
1531 701 1704 767 laudatum

260 803 311 884 sit,
341 824 415 870 enm
444 802 587 887 denique
617 802 706 888 apud
729 802 908 868 Pindarum
941 811 973 868 et
998 803 1137 869 Doricos
1158 813 1275 890 poetas
1296 804 1423 868 nullum
1447 805 1507 868 nisi
1531 814 1703 871 externum

259 905 342 974 illnd
364 895 525 985 ἀλεκτορίς
548 903 688 988 legatur,
710 926 775 970 non
796 906 931 970 nimium
956 905 1154 970 contendere
1177 906 1256 970 mihi
1270 907 1387 971 videor
1401 908 1486 972 hanc
1502 908 1701 972 terminatio·

260 1030 336 1074 nem
369 1007 486 1072 Ionum
522 1007 691 1092 propriam
722 1006 833 1088 fuisse,
866 1007 908 1071 ab
942 1008 1063 1072 Atticis
1096 1019 1206 1073 autem
1236 1020 1401 1073 servatam
1433 1031 1502 1074 esse
1524 1030 1704 1093 pancorum

261 1115 440 1191 nominum,
470 1130 609 1194 quorum
639 1109 757 1174 similia
787 1113 969 1196 posteriore
1000 1119 1119 1193 aetate,
1150 1133 1249 1197 quam
1271 1111 1334 1176 hoo
1357 1111 1430 1176 loco
1453 1134 1518 1177 non
1540 1133 1705 1184 curamus,

261 1213 449 1278 factasunt
472 1212 578 1297 plura,
601 1213 694 1276 velut
714 1213 888 1294 μαθητρίς,
912 1214 985 1278 alia.

370 1315 465 1380 Haec
494 1314 633 1380 dicenda
663 1323 757 1380 erant
780 1315 822 1379 de
843 1317 992 1380 formatis
1013 1317 1162 1381 feminini
1185 1319 1315 1400 generis
1336 1318 1461 1383 formis.
1506 1317 1576 1380 Iam
1598 1338 1706 1401 pauca

264 1417 370 1486 verba
391 1418 511 1483 faciam
535 1417 576 1482 de
599 1419 903 1504 compositionibus,
927 1440 1011 1503 quas
1033 1418 1160 1483 inibant
1182 1419 1358 1484 nominalia
1380 1421 1413 1483 in
1437 1438 1501 1503 της.

371 1518 453 1586 Cum
483 1521 615 1584 nomina
650 1519 797 1586 verbalis
827 1520 1030 1606 significatus
1065 1544 1139 1586 oum
1175 1522 1399 1604 substantivis,
1434 1534 1472 1586 ut
1501 1517 1706 1604 παιδολετὴρ,

265 1618 474 1706 συκοφάντης,
497 1633 529 1686 et
551 1623 849 1709 praepositionibus
872 1626 1026 1707 coniungi
1048 1622 1204 1706 solerent,
1227 1623 1438 1689 nominalium
1463 1632 1538 1689 erat.
1555 1646 1573 1688 e
1589 1635 1709 1688 natura

267 1748 327 1790 sua
349 1726 465 1809 fugere
480 1726 560 1789 talia
575 1720 679 1809 πάθη.
710 1726 897 1812 Aeschylus
914 1749 953 1790 ea
972 1749 1045 1792 cum
1061 1726 1366 1812 praepositionibus
1392 1727 1526 1812 quidem
1545 1748 1706 1812 nusquam

269 1829 449 1908 coniunxit,
489 1829 547 1892 sed
584 1838 694 1892 tamen
731 1829 887 1894 formavit
923 1824 1124 1912 πολυναύτης
1160 1829 1216 1894 Pe.
1248 1831 1299 1912 84,
1334 1825 1531 1912 χιλιοναύτης
1560 1829 1621 1912 Ag.
1656 1829 1708 1910 45,

267 1942 444 2016 utrumque
466 1931 499 1995 in
523 1933 649 1995 cantico
673 1934 826 2017 positum.
858 1931 970 1997 Ceteri
992 1934 1109 2012 tragici
1132 1931 1212 1996 talia
1234 1932 1448 2014 ignorabant,
1470 1931 1710 2016 Aristophanes

269 2041 378 2098 autem
405 2033 522 2097 similia
554 2035 687 2114 effinxit,
718 2032 810 2097 velut
833 2030 1048 2117 ἱπποτοξότης
1071 2035 1133 2101 Ar.
1159 2036 1252 2116 1179,
1266 2033 1510 2117 ’χανννπολίτης
1532 2033 1613 2098 Ach.
1637 2033 1710 2098 635,

269 2134 495 2218 μικροπολίτης
535 2136 597 2222 Εη.
628 2136 702 2218 817,
737 2135 1022 2220 διαδρασιπολίτης
1054 2137 1113 2202 Ra.
1148 2139 1239 2202 1014.
1299 2134 1381 2202 Cum
1409 2135 1708 2221 praepositionibus

271 2247 382 2303 autem
405 2238 770 2304 coniunctanominalia
793 2238 947 2303 liberiore
970 2241 1068 2304 etiam
1090 2261 1239 2304 sermone
1261 2263 1337 2304 rara
1361 2250 1445 2305 sunt.
1482 2234 1712 2320 Συνθιασώτης

271 2341 411 2424 legimus
438 2339 499 2406 Ve.
531 2341 602 2421 728,
632 2341 784 2422 Ρ1.508;
814 2341 989 2425 Euripides
1012 2345 1184 2426 usurpavit
1205 2345 1238 2406 in
1262 2341 1322 2427 Cy.
1346 2342 1460 2408 fabula
1482 2337 1656 2423 σννναὺτης
1678 2362 1710 2404 ν.

272 2465 303 2509 v.
341 2442 414 2524 425,
449 2444 527 2523 708;
566 2443 654 2532 apud
688 2444 884 2531 Sophoclem
924 2455 1029 2510 exstat
1065 2446 1118 2512 Ai.
1156 2445 1218 2511 501
1259 2442 1458 2525 durcasino„
1489 2443 1565 2508 Alia
1602 2458 1711 2508 tamen

274 2546 454 2630 composita
475 2567 540 2630 non
562 2546 727 2630 leguntur,
750 2570 823 2612 cum
854 2549 1053 2634 praepositio
1083 2548 1197 2630 verbo,
1228 2571 1293 2612 non
1322 2549 1445 2612 nomini
1476 2547 1656 2628 addatur¹l,
1680 2569 1713 2626 et

274 2670 315 2712 ea
344 2670 428 2734 quae
456 2648 552 2712 attuli
581 2659 714 2734 propter
743 2649 913 2714 verbalem
942 2660 1068 2715 lantum
1099 2651 1318 2733 significatum
1341 2662 1374 2715 et
1393 2651 1531 2714 formam
1546 2650 1713 2714 nominum

273 2759 432 2836 usurpata
476 2763 559 2818 sunt.
626 2753 701 2818 Non
753 2752 908 2818 dicebant
960 2752 1079 2819 Graeci
1129 2752 1341 2838 σνμφνλέτης,
1394 2751 1602 2834 σνμπολίτης,
1654 2751 1714 2814 sed

275 2850 419 2936 φυλέτης,
442 2853 584 2934 πολίτης,
605 2849 748 2939 δημότης
769 2855 853 2922 Ach.
874 2857 948 2937 568,
972 2857 1035 2920 Me.
1061 2857 1134 2938 224,
1156 2856 1240 2921 Ach.
1264 2858 1337 2937 319,
1361 2856 1455 2920 Plato
1479 2854 1579 2937 Gorg.
1604 2853 1715 2918 504Ε

231 2961 234 2966 ’
277 2943 521 3040 ιιΙὶὶεηιιθἸοοίι.
566 2957 752 3041 Paucailla
776 2961 968 3044 composita,
991 2981 1076 3044 quae
1100 2960 1198 3024 modo
1222 2959 1328 3039 attuli,
1352 2982 1371 3023 a
1394 2960 1522 3022 sincera
1543 2954 1716 3040 tragoedia

277 3081 412 3144 prorsus
441 3061 671 3127 reiciebantur.
716 3062 833 3147 ltaque
864 3062 942 3126 Her.
973 3063 1045 3144 826,
1079 3061 1136 3128 ubi
1170 3064 1346 3150 Euripides
1375 3083 1487 3145 regem
1518 3061 1606 3122 cives
1636 3057 1716 3121 allo·

280 3174 433 3248 quentem
463 3164 542 3228 lacit
570 3152 595 3227 ci
624 3164 829 3246 ξνμπολῐται,
857 3187 957 3229 causa
986 3165 1081 3230 huius
1111 3188 1189 3230 usus
1220 3165 1410 3251 quaerenda
1440 3175 1497 3226 est.
1541 3161 1653 3246 Atque
1677 3182 1717 3223 ea

280 3265 411 3351 quidem
447 3289 517 3332 esse
549 3267 689 3351 videtur,
724 3267 812 3352 quod
846 3279 944 3352 poeta
975 3267 1116 3332 blandiri
1145 3268 1250 3332 voluit
1272 3266 1399 3332 civibus
1420 3266 1549 3351 patriae
1573 3285 1662 3344 snae,
1682 3263 1718 3326 in

279 3390 344 3454 qua
367 3391 480 3452 regem
503 3371 631 3435 civibus
654 3373 852 3436 auctoritate
874 3393 989 3454 parem
1011 3372 1112 3436 fuisse
1128 3370 1260 3435 dicebat
1275 3392 1382 3456 neque
1399 3390 1453 3432 eos
1469 3385 1719 3452 supergressum

281 3493 361 3552 esse,
386 3493 485 3557 quam
508 3475 646 3538 eandem
670 3475 863 3537 sententiam
881 3495 901 3536 a
916 3472 1045 3537 Theseo
1070 3473 1227 3558 explicari
1250 3475 1329 3538 facit
1351 3481 1450 3557 poeta
1472 3472 1504 3533 in
1524 3466 1720 3553 Supplicum

279 3573 404 3640 fabula.
445 3574 561 3661 Neque
585 3576 670 3641 forte
702 3573 860 3640 accidisse
891 3572 974 3654 dico,
1008 3576 1096 3661 quod
1130 3575 1269 3639 alterum
1299 3576 1380 3640 illud
1403 3570 1605 3654 ξυμπολίτης,
1629 3567 1720 3655 quod

280 3677 437 3742 traditum
467 3687 516 3742 est
545 3679 583 3745 fr.
608 3678 715 3759 3902),
747 3679 780 3741 in
809 3679 881 3761 ipsa
905 3678 1025 3742 Thesei
1048 3677 1161 3742 fabula
1183 3679 1293 3743 locum
1314 3677 1438 3758 habuit,
1467 3677 1513 3739 ita
1534 3685 1572 3738 ut
1594 3691 1720 3736 summa

283 3802 356 3846 oum
378 3781 612 3867 probabilitate
637 3780 751 3845 eodem
767 3779 865 3844 modo
882 3780 1041 3864 explicari
1056 3782 1171 3864 possit.
1202 3781 1290 3848 Num
1306 3791 1416 3845 autem
1432 3776 1571 3842 eandem
1587 3793 1721 3839 causam

283 3883 400 3948 afferre
423 3883 520 3948 liceat
541 3885 592 3950 ai.
617 3883 725 3964 eolla,
748 3883 804 3945 ubi
828 3883 946 3946 chorus
970 3883 1134 3948 exclamat

697 3977 787 4064 ὤμοι,
809 3989 1018 4067 κατέπεφνες,
1040 3981 1128 4065 ἄναξ,

696 4083 795 4150 τόνδε
818 4082 1005 4167 σννναύταν,
1027 4083 1123 4158 τάλας
1132 4089 1157 4167 ³)

286 4209 493 4279 summopere
518 4199 628 4278 potest
658 4190 810 4258 dubitari.
862 4191 1037 4256 Tecmessa
1069 4193 1201 4278 quidem
1231 4202 1281 4256 est
1308 4181 1484 4268 ομεννέτις
1515 4185 1637 4265 Aiacis,
1666 4182 1725 4246 sed

287 4296 406 4362 chorus
434 4305 571 4359 nonest
600 4289 807 4378 σννναὺτης,
838 4293 898 4357 sed
924 4291 1039 4378 ναύτης
1071 4294 1192 4359 domini
1215 4296 1274 4359 sui.
1319 4292 1408 4356 Aiax
1431 4290 1515 4353 enim
1536 4289 1625 4352 viros
1648 4305 1725 4350 suos

392 4486 414 4549 1)
434 4481 478 4536 Ol.
497 4480 634 4534 Kuehnor
652 4481 669 4536 l.
688 4480 706 4538 l.
724 4479 738 4530 Ι
757 4481 781 4548 2,
799 4480 860 4534 321.

393 4568 415 4639 ²)
428 4567 529 4621 Pollux
537 4569 563 4637 3,
572 4570 618 4622 51:
639 4562 808 4636 συμσολίτης
821 4563 856 4619 οὐ
869 4559 991 4635 δόκιμον,
1003 4565 1025 4618 εἰ
1036 4566 1084 4617 καὶ
1096 4557 1244 4640 Εὐριπίδης
1258 4561 1337 4634 αὐτῷ
1349 4565 1483 4640 κέχρηται
1494 4559 1522 4614 s'v
1533 4549 1729 4634 Ἡρακλείδαις

289 4674 319 4710 ¹⁸
335 4654 587 4809 καιθῗέἶῗδρὴιιω
613 4756 711 4802 sanam
737 4757 798 4794 esso
823 4742 909 4809 pnt03
934 4738 1128 4808 antistrophae
1154 4739 1284 4793 versibus
1309 4737 1386 4808 94718
1409 4752 1512 4808 sequor
1534 4734 1729 4787 Hermannum

290 4828 461 4884 scribentem
479 4821 579 4880 δισσῶν
597 4824 734 4904 bedam
754 4822 854 4880 ἄναυδ
871 4830 877 4896 Ι
893 4821 944 4903 ἔργ’
963 4820 1111 4902 Ἀτρειδᾶν
1132 4820 1200 4897 τῷδ’
1221 4821 1290 4895 ἄχει.
