3796 5518
839 407 1048 470 ..37-

223 621 289 664 uno
312 597 385 663 loco
407 597 542 663 uberius
563 594 668 660 verba
690 594 800 659 facere
823 592 900 658 mihi
922 595 1033 679 liceat,
1054 598 1109 681 qui
1140 597 1218 662 satis
1252 619 1403 682 magnam
1438 594 1667 661 difficultatem

224 699 458 788 interpretibus
482 699 601 780 attulit,
625 699 699 763 dico
723 694 793 762 OT.
818 697 948 780 149215,
971 697 1028 762 ubi
1049 697 1153 762 verba
1175 701 1262 782 regie
1283 698 1365 764 haec
1387 698 1558 784 leguntur:

514 795 581 864 ἀλλ’
606 792 687 884 ἡνίκ’
705 791 749 863 -άν
771 795 811 885 δὴ
836 797 921 884 πρὸς
941 795 1053 882 γάμων
1075 794 1165 887 ἣκηί
1187 791 1298 883 άκμάς,

514 897 563 973 τίς
585 889 677 974 οὗτος
699 899 796 982 ἔσται,
819 906 866 973 τίς
887 906 1103 988 παραρρίψει,
1127 908 1232 983 τέκνα,

513 1002 633 1070 τοιαῦτ’
659 999 769 1089 ὀνείδη
791 1003 970 1090 λαμβάνων,
994 1000 1016 1068 ἃ
1037 1012 1104 1076 τοῖς
1127 1003 1216 1086 ἐμοῖς

513 1109 658 1187 γονεῦσιν
679 1105 769 1172 ἔσται
792 1106 884 1192 σφῷν
905 1100 940 1171 s'
964 1103 1045 1187 άμοῦ
1064 1106 1248 1193 rupea

223 1211 409 1294 Quaeritur
432 1223 540 1277 antem
564 1210 626 1276 hoc
655 1210 739 1293 loco,
770 1233 835 1296 quo
869 1210 967 1276 modo
997 1212 1091 1296 σφῷν
1125 1211 1381 1298 intellegendum
1415 1212 1466 1276 sit.
1510 1209 1557 1290 Si,
1578 1209 1668 1295 quod

226 1338 337 1380 omnes
353 1316 512 1396 fecerunt,
536 1316 629 1399 σφῷν
645 1313 792 1379 διάνοιαι
811 1313 1042 1398 intellegimus,
1069 1317 1115 1379 ita
1136 1324 1174 1378 ut
1196 1337 1310 1380 sensus
1332 1316 1394 1378 sit:
1419 1311 1522 1396 ,Quis
1544 1322 1668 1377 tantam

224 1419 433 1500 ignominiam
450 1420 615 1502 suscipiet,
639 1439 722 1502 quae
746 1419 826 1480 meis
848 1418 1040 1501 parentibus
1063 1424 1096 1481 et
1118 1418 1214 1482 vobis
1237 1417 1395 1503 perniciei
1418 1413 1510 1496 erir‚“
1535 1437 1576 1478 ne
1598 1413 1668 1478 ulla

200 1519 356 1605 *quidem
380 1519 442 1584 hoo
472 1519 545 1584 loeo
579 1521 683 1604 ipsius
717 1517 897 1603 Oedipodis
933 1521 1054 1584 mentio
1087 1518 1134 1600 fit,
1170 1541 1269 1604 quarn
1306 1530 1415 1584 tamen
1449 1519 1667 1582 necessariam

224 1636 359 1708 prorsus
383 1644 454 1686 esse
477 1625 548 1706 ipse
570 1620 654 1685 vidit
677 1621 854 1686 scholiasta
877 1643 1001 1697 recena,
1025 1623 1091 1707 qui,
1121 1613 1196 1686 curn
1232 1623 1325 1705 σφῷν
1359 1619 1505 1685 dativum
1538 1618 1666 1684 intelle·

223 1733 327 1809 geret,
349 1728 510 1790 incertum
533 1713 647 1789 utrum¹
665 1713 725 1789 sua
747 1747 788 1788 an
811 1725 919 1789 aliena
942 1725 1140 1805 coniectura,
1168 1725 1218 1790 his
1240 1724 1351 1789 verbis
1374 1723 1439 1787 loci
1459 1743 1589 1787 sensum
1612 1743 1668 1784 ex·

223 1829 377 1914 plicavit:
402 1823 511 1914 ὀνείδη
534 1819 555 1891 ά
575 1835 644 1897 νοῖς
664 1828 812 1905 γονεῦσιν
837 1823 855 1889 ά
861 1825 921 1907 μοῖ
927 1849 945 1889 ν
967 1828 1019 1890 καὶ
1042 1822 1116 1908 ὑμῖν
1139 1819 1218 1907 ὁμοῦ
1248 1822 1337 1889 ἔσται
1366 1819 1539 1910 δηλήμονα,
1567 1819 1668 1906 ἤγονν

211 1929 348 2014 βλάβαι,
370 1922 501 2011 άτιμίαι.
547 1931 593 1995 Ut
615 1941 726 1994 autem
756 1932 878 1995 mentio
901 1929 1082 2016 Oedipodis
1111 1932 1296 1996 necessaria
1330 1939 1390 2012 est,
1422 1932 1469 1993 ita
1499 1926 1556 1992 illa
1587 1927 1667 1992 libe·

222 2056 344 2117 rorum,
367 2057 451 2121 quae
471 2037 556 2100 inest
577 2035 611 2097 in
634 2033 744 2098 dativo
768 2031 869 2118 σφῷν,
891 2055 1027 2118 prorsus
1044 2033 1129 2098 falsa
1151 2036 1214 2098 hoc
1236 2034 1309 2099 loco
1333 2044 1391 2098 est.
1435 2031 1560 2096 Eorum
1583 2031 1668 2092 enim

221 2137 265 2202 de
288 2141 432 2223 pernicie
456 2137 510 2202 vel
533 2146 637 2202 morte
660 2171 699 2182 -—
725 2159 763 2200 aa
786 2139 871 2200 enim
895 2135 1100 2221 significatur
1121 2139 1251 2201 nomine
1275 2130 1440 2219 δηλήματα
1464 2168 1498 2176 -
1520 2128 1667 2216 Oedipus

224 2243 355 2306 omnino
386 2263 451 2306 non
486 2242 617 2324 cogitat,
650 2239 689 2304 cf.
720 2261 835 2304 versus
874 2239 957 2304 1459
993 2261 1075 2325 sqq,
1112 2261 1219 2324 neque
1252 2255 1364 2304 omnes
1401 2237 1505 2323 patris
1537 2237 1668 2298 fortuna

222 2345 403 2428 perierunt.
448 2342 521 2408 Hac
545 2341 586 2407 de
610 2363 710 2406 eausa
733 2340 833 2407 Jehbi
858 2364 989 2427 quoque
1013 2344 1200 2406 coniectura
1217 2337 1366 2420 γόνοισιν,
1389 2361 1486 2425 quam
1503 2336 1668 2401 Bruhnius

224 2447 266 2511 ad
290 2447 312 2514 l.
336 2446 493 2534 probavit
516 2445 617 2510 allato
641 2447 739 2509 etiam
762 2447 962 2526 γαμβροῖσιν,
991 2445 1144 2527 concidit,
1178 2466 1273 2530 quae,
1309 2452 1539 2530 praeterquam
1578 2437 1668 2524 quod

219 2551 353 2612 omnino
378 2549 495 2614 falsam
520 2550 685 2615 notionem
709 2550 820 2612 versui
842 2548 950 2630 infert,
981 2548 1023 2611 ab
1053 2570 1115 2612 usu
1137 2547 1308 2634 Sophoclis
1337 2545 1472 2627 recedit,
1496 2545 1552 2629 qui
1574 2539 1669 2621 γόνος

223 2650 397 2735 pluraliter
420 2674 486 2716 non
508 2650 692 2735 usurpabat
715 2671 821 2736 neque
845 2654 877 2714 in
900 2651 992 2715 initio
1015 2671 1130 2714 versus
1155 2650 1349 2731 collocabat,
1385 2670 1449 2734 qua
1473 2646 1513 2710 de
1535 2668 1570 2711 re
1594 2667 1669 2710 con·

222 2755 311 2818 feras
335 2775 373 2818 ea
397 2776 480 2840 quae
504 2775 604 2838 supra
627 2775 652 2816 s.
676 2775 707 2819 v.
731 2753 810 2817 dixi.
866 2751 977 2817 Unum
1010 2754 1110 2837 igitur
1142 2762 1254 2835 restat,
1292 2761 1329 2818 ut
1364 2750 1457 2836 σφῷν
1488 2751 1669 2834 genitivum

222 2877 295 2920 esse
318 2855 466 2922 dicamus
490 2877 687 2941 versumque
710 2858 756 2919 sic
778 2853 1026 2940 intellegamus:
1073 2905 1088 2937 „
1126 2858 1176 2921 uis
1199 2864 1325 2920 tantam
1358 2855 1569 2940 ignominiam
1602 2873 1669 2915 sus·

220 2959 331 3043 cipiet,
355 2981 440 3044 quae
461 2960 542 3024 meis
566 2958 769 3044 parentibus,
808 2958 960 3023 locastae
997 2959 1122 3024 scilicet
1159 2972 1192 3022 et
1229 2957 1471 3044 quodammodo
1505 2951 1668 3042 Oedipodi

221 3061 283 3146 ipsi
306 3069 343 3126 ut
367 3063 436 3126 eius
461 3062 601 3146 coniugi,
627 3072 658 3125 et
681 3062 798 3127 vestris
821 3062 977 3148 perniciei
1011 3058 1102 3126 erit.“
1150 3061 1214 3126 Hic
1244 3070 1353 3126 autem
1383 3082 1498 3126 sensus
1526 3061 1668 3145 optimus

219 3176 282 3241 est,
305 3186 381 3229 nam
403 3165 437 3230 id
468 3167 574 3251 ipsum
607 3165 707 3228 totius
741 3165 932 3249 tragoediae
966 3166 1148 3248 argumenti
1177 3165 1403 3230 foedissimum
1438 3175 1495 3246 est,
1529 3164 1619 3249 quod
1638 3161 1669 3227 οῖ

207 3261 296 3345 ,ἐμοὶ
318 3273 420 3341 γονεῖς
442 3276 476 3331 et
499 3267 590 3350 opqio
612 3264 643 3329 οἱ
664 3273 764 3346 γονεῖς
795 3268 898 3332 eidem
935 3276 1019 3349 sunt,
1050 3269 1090 3332 cf.
1121 3268 1193 3352 425,
1224 3267 1298 3349 458,
1331 3268 1409 3335 Eur.
1440 3267 1500 3331 Ph.
1530 3267 1614 3332 1695
1642 3254 1667 3329 ui

217 3370 333 3453 μῆτερ,
355 3357 533 3452 ὦξυνάορ’
554 3362 747 3455 άθλιωνάνη.
793 3372 958 3456 Tempore
982 3379 1092 3436 autern
1115 3372 1225 3438 futuro
1248 3368 1338 3434 ἔσται
1372 3371 1496 3435 ideirco
1518 3392 1597 3433 usus
1619 3378 1668 3434 est

223 3483 335 3556 poeta,
368 3472 458 3558 quod
480 3486 568 3539 mors
591 3472 782 3560 Oedipodis,
811 3477 1007 3561 gravissime
1039 3477 1103 3560 ipsi
1136 3485 1169 3541 et
1198 3474 1320 3556 liberis,
1349 3477 1449 3539 instat
1481 3473 1667 3560 nequedum

222 3573 370 3640 advenit.

332 3676 451 3742 Omnia
465 3701 515 3742 ea
537 3678 578 3744 de
603 3678 721 3765 quibus
748 3678 887 3744 disserui
910 3681 1042 3744 nomina
1067 3688 1221 3764 parentes
1242 3678 1461 3762 significantia
1482 3702 1503 3744 a
1518 3701 1666 3744 sermone

221 3781 413 3846 comoediae
444 3781 542 3868 plane
567 3780 740 3868 repudiata
770 3795 854 3864 sunt,
885 3805 959 3847 eum
988 3781 1050 3846 Nu.
1083 3781 1148 3846 994
1182 3781 1234 3843 καῖ
1264 3779 1310 3864 μὴ
1339 3779 1418 3864 περὶ
1446 3777 1519 3852 τοὺς
1549 3788 1667 3844 σαυτοῦ

222 3887 331 3961 γονέας
353 3890 550 3967 σκαιουργεῖν
579 3894 613 3949 et
642 3883 698 3950 Pa.
731 3884 812 3950 1301
842 3879 955 3969 ψυχὴν
984 3879 1015 3946 δ’
1044 3879 1216 3954 ἐξεσάωσα·
1259 3879 1456 3969 κατῄσχυνας
1485 3881 1524 3945 δὲ
1552 3885 1668 3967 τοκῆος

221 3987 323 4069 ipsius
346 3985 577 4072 Aristophanis
595 4009 661 4051 non
682 3987 755 4053 sint.
800 3986 891 4051 Nulli
908 3987 963 4052 alii
979 4010 1097 4053 causae
1120 3987 1182 4052 nisi
1201 3985 1308 4052 studio
1324 4009 1424 4073 saepe
1442 3985 1666 4053 demonstrato

216 4086 269 4152 illi
314 4089 498 4171 nominum,l
532 4111 673 4174 quorum
714 4090 917 4174 significatus
957 4113 1079 4175 genere
1117 4101 1207 4155 certo
1243 4088 1414 4154 distinctus
1448 4099 1506 4172 est,
1544 4091 1665 4174 tribuo,

222 4188 313 4275 quod
337 4191 451 4255 comici
474 4202 593 4278 poetae
616 4213 734 4257 nomen
756 4214 817 4280 pro
841 4195 1033 4278 perentibus
1054 4215 1096 4258 ne
1118 4216 1218 4258 unum
1256 4193 1389 4278 quidem
1411 4206 1664 4278 usurpaverunt.

223 4291 419 4378 Utrumque,
442 4302 475 4358 et
507 4302 636 4380 patrem
671 4305 704 4360 et
738 4305 884 4379 matrem,
923 4298 1068 4361 seiunote
1105 4298 1273 4361 nominare
1303 4293 1463 4376 solebant,
1490 4296 1583 4359 velut
1604 4295 1664 4362 Ra.

223 4397 284 4461 149
307 4392 343 4458 εἴ
359 4393 426 4459 ποά
448 4417 495 4468 τις
517 4388 537 4480 ἢ
558 4387 670 4480 μητέρ’
691 4390 832 4484 ήλὸησεν
854 4390 874 4481 ἢ
897 4394 1022 4480 πατρὸς
1045 4397 1171 4477 γνάθον
1189 4393 1350 4472 ἐπάταξεν
1361 4395 1394 4474 ¹).

326 4567 345 4635 ¹)
363 4565 397 4619 In
416 4582 543 4619 sermone
561 4565 689 4636 pedestri
701 4565 843 4620 interdum
855 4567 904 4620 illa
917 4567 1028 4638 tragica
1040 4566 1188 4636 vocabula,
1202 4566 1339 4638 imprimis
1358 4572 1455 4635 γονεῖς,
1473 4564 1664 4636 inveniuntur,

220 4652 299 4707 velut
317 4653 394 4724 apud
414 4655 549 4722 oratores,
567 4651 617 4705 sed
643 4669 707 4706 raro
737 4655 860 4724 tantum3
892 4654 929 4708 ci.
956 4671 980 4711 e.
1008 4672 1035 4725 g.
1066 4670 1151 4725 qnam
1180 4653 1306 4724 graviter
1334 4651 1418 4706 Plato
1444 4652 1499 4722 leg.
1529 4653 1570 4720 11,
1588 4651 1664 4706 931a

217 4739 361 4793 notionem
379 4741 528 4810 parentum
547 4739 716 4808 expresserit
735 4739 829 4794 verbis
848 4756 921 4811 quae
947 4744 1014 4793 sunt
1037 4733 1129 4816 πατὴρ
1152 4727 1204 4792 οὖν
1231 4730 1289 4810 deq
1313 4740 1363 4792 καὶ
1391 4736 1480 4812 μήτηρ
1508 4729 1526 4802 ἢ
1552 4735 1666 4791 τούτων

215 4828 330 4902 πατέρος
348 4819 366 4890 ii
384 4829 494 4902 μητέρος
511 4823 539 4878 ἐν
558 4825 632 4895 ολκιή
650 4832 754 4879 κεῖνται
770 4823 903 4896 κειμήλιοι
922 4822 1095 4904 ἀπειρηκότες
1112 4821 1191 4902 γάριγ.
