3796 5518
804 452 1020 518 ..95-

136 717 139 722 1
187 639 208 710 a‘
234 640 347 728 ΘρηξίΙ
365 638 477 720 μάντις
510 631 584 702 εἶπε
614 634 775 710 Διόνυσος
802 633 881 701 τάδε
889 638 925 712 ¹).
978 635 1133 703 Ceterum
1165 635 1297 701 dativus
1330 635 1394 718 hic,
1430 637 1454 700 si
1492 635 1633 700 verbum

186 721 335 815 additum
370 752 431 826 est,
468 763 604 829 prorsus
638 740 804 806 sollemnis
841 750 900 823 est,
933 738 1027 805 velut
1047 740 1127 805 Her.
1155 739 1219 804 640
1243 725 1268 798 ἀ
1291 731 1437 818 φίλταθ’,
1461 727 1548 822 ἥκεις
1570 725 1633 818 ἀρα

184 849 250 934 νῷν
284 839 389 931 σωτὴρ
425 841 539 924 κακοῖν,
574 843 642 909 00.
672 845 736 910 436
767 837 974 924 κάμάνθανον
1002 833 1062 906 τόν
1090 833 1204 922 θυμόν
1234 836 1436 921 ἐκδραμόντα
1457 863 1515 921 μοι
1536 839 1632 921 μείζω

184 951 353 1032 κολαστήν,
378 949 611 1030 Εατ.Ε1.136,
635 949 694 1015 Tr.
709 947 774 1012 925
796 947 935 1035 aliisque
952 947 1041 1011 locis.
1086 944 1212 1011 Eodem
1234 931 1343 1009 thmen
1366 945 1437 1009 iure
1459 947 1632 1029 genetivus

184 1054 419 1140 usurpabatur,
452 1053 517 1118 Me.
547 1051 646 1132 52118
678 1049 807 1132 Κάπρον
827 1048 944 1130 νομίζω
966 1047 1022 1133 τῆς
1045 1044 1125 1133 ἐμῆς
1146 1048 1335 1134 ναυκληρίας
1364 1042 1520 1128 σώτειραν
1541 1041 1631 1127 εἶναι,

186 1159 244 1224 ΙΑ.
267 1159 357 1238 5112,
383 1155 457 1220 Hel.
482 1155 534 1226 99.
557 1152 598 1218 al.

295 1259 380 1327 (lum
422 1259 523 1342 igitur
564 1256 767 1344 Aeschylum
811 1257 981 1323 verbalem
1026 1265 1224 1322 structuram
1268 1259 1408 1322 evitasse
1450 1258 1631 1346 videamus,

186 1362 362 1450 Euripides
392 1370 428 1427 ut
458 1363 642 1447 quaesitam
673 1373 705 1426 et
734 1362 936 1447 antiquitatis
967 1363 1077 1448 specie
1099 1359 1282 1448 praeditam
1306 1383 1377 1425 eam
1399 1364 1562 1447 repetivit,
1586 1367 1631 1430 ita

186 1476 307 1548 tamen,
329 1475 367 1530 ut
390 1486 486 1530 casus
510 1467 719 1530 accusativus
743 1487 783 1530 ne
808 1465 896 1552 apud
920 1487 994 1530 eum
1018 1462 1150 1552 quidem
1172 1464 1303 1528 nomine
1318 1475 1462 1546 regatur.
1493 1465 1551 1532 Ph.
1570 1469 1632 1534 140

186 1569 324 1654 legimus
353 1565 551 1648 σακεσφόροι
586 1561 645 1647 γάρ
683 1564 803 1638 πάντες
838 1565 994 1651 Αἰτωλοί,
1030 1571 1151 1649 τέκνον,
1184 1563 1313 1646 λόγχαις
1343 1557 1372 1630 τ’
1407 1561 1631 1654 ἀκοντιστῆρες

186 1665 434 1753 εόστοχοότατοις
482 1670 615 1752 ibidem:
654 1671 769 1754 115011
823 1666 913 1755 ἡμῶν
944 1663 972 1734 τ’
1008 1665 1041 1742 ἒς
1078 1659 1174 1739 oddus
1211 1659 1293 1739 εἶδες
1326 1662 1367 1733 ἀν
1399 1667 1466 1750 πρὸ
1502 1677 1631 1751 τειχέων

186 1771 328 1845 πυκνοὺς
356 1771 586 1859 κυβιστητῆρας
612 1769 882 1844 ἐκπεπνευκότας.
927 1776 992 1842 Me.
1023 1775 1087 1840 360
1117 1785 1150 1838 et
1180 1773 1259 1840 Her.
1289 1774 1354 1839 640
1387 1783 1494 1840 exstat
1524 1771 1629 1858 σωτὴρ

187 1900 273 1950 τινος
292 1875 405 1960 κακῶν,
435 1877 523 1964 quod
545 1876 642 1942 modo
667 1878 771 1960 attuli,
795 1887 924 1943 retenta
939 1878 1033 1943 verbi
1050 1888 1223 1958 structura,
1246 1899 1344 1963 quem
1359 1899 1453 1942 usum
1468 1879 1629 1944 imitatum

192 2003 264 2047 esse
309 1980 408 2047 credo
451 1979 658 2069 Sophoclem,
700 2004 772 2046 cum
817 1979 887 2048 OT.
929 1983 1030 2062 30314
1066 1981 1225 2046 scriberet
1263 1978 1314 2064 οἵᾳ
1353 1975 1439 2065 νόσῳ
1473 1977 1629 2047 σόνεστιν·

187 2069 225 2169 ἧς
248 2082 283 2147 σὲ
312 2080 499 2168 προστάτην
523 2080 650 2166 σωτῆρά
670 2075 708 2165 τ’,
729 2073 822 2162 ἀναξ,
842 2083 962 2164 μοῦνον
984 2080 1215 2166 ἕξενρίσκομεν.
1253 2083 1354 2148 Aliud
1378 2087 1461 2148 enim
1485 2087 1629 2152 verbalis

188 2197 374 2252 structurae
403 2186 592 2271 exemplum
614 2191 703 2272 apud
733 2211 806 2252 eum
836 2211 900 2256 non
930 2188 1059 2271 legitur,
1090 2209 1163 2250 cum
1193 2187 1256 2253 An.
1283 2188 1364 2252 1074
1385 2186 1507 2250 τούτων
1528 2189 1629 2276 λωβη-

184 2287 278 2375 τῆρες
299 2298 332 2355 et
354 2288 424 2357 OT.
451 2288 512 2356 185
534 2284 653 2352 τούτων
675 2289 798 2374 ἱκτῆρες
827 2293 1015 2376 genetivum
1038 2289 1185 2374 intellegi
1215 2302 1365 2373 oporteat
1395 2290 1569 2375 causalem,
1593 2305 1629 2359 ut

188 2391 258 2461 0'1.
281 2395 333 2474 48,
356 2394 419 2478 Ag.
443 2394 516 2476 576,
538 2416 646 2481 neque
671 2416 709 2457 eo
732 2395 875 2458 verbalis
896 2395 1035 2459 nominis
1056 2402 1175 2458 natura
1198 2379 1450 2460 demonstretur.

295 2514 366 2578 Iam
404 2515 579 2578 transimus
611 2515 652 2578 ad
682 2512 856 2578 tractanda
877 2516 1009 2579 nomina
1032 2498 1259 2598 quae'suffixo
1283 2532 1339 2596 της
1361 2514 1521 2579 instructa
1543 2524 1627 2584 sunt.

189 2617 316 2682 Horum
341 2628 450 2681 autem
474 2615 649 2681 nominalia
673 2615 847 2681 eximenda
871 2639 940 2680 esse
957 2619 1087 2682 omnino
1104 2617 1366 2680 commentationi
1381 2615 1490 2681 huice
1510 2626 1628 2682 natura

188 2743 300 2785 eorum
332 2721 504 2802 colligitur.
550 2717 656 2782 Versu
680 2722 765 2784 enim
789 2721 847 2786 Ba.
870 2718 954 2784 1055
984 2717 1110 2797 θύρσον
1132 2713 1344 2780 ἐκλελοιπότα
1364 2717 1463 2803 κισσῷ
1484 2716 1629 2805 κομήτην

188 2812 283 2890 αὖθις
305 2817 521 2902 ἐξανέστεφον
536 2843 597 2906 per
620 2824 860 2909 anticipationis
884 2823 1024 2907 figuram
1046 2816 1190 2906 κομήτην
1204 2823 1346 2908 positum
1362 2845 1434 2886 essc
1446 2823 1628 2887 iudicamus

188 2945 294 3011 neque
308 2946 381 2987 cum
394 2925 464 3010 ipso
477 2922 578 3007 κισσῷ
591 2926 862 3010 coniungendum.
898 2923 965 2992 00.
980 2927 1042 2991 746
1053 2941 1162 2989 autem
1186 2919 1250 3005 ἀρῶ
1264 2943 1302 2987 σε
1314 2973 1321 2989 .
1335 2977 1341 2991 .
1356 2975 1363 2990 .
1387 2916 1436 2988 ἀεὶ
1458 2917 1488 2988 δ’
1510 2920 1629 3011 ἀλήτην

187 3027 351 3114 particula
372 3019 432 3109 ἀεί,
454 3040 490 3093 ut
511 3028 580 3092 ferc
604 3028 651 3109 fit,
681 3030 886 3093 substantivo
913 3029 1028 3094 addita
1066 3039 1124 3110 est,
1161 3050 1268 3113 neque
1305 3050 1344 3092 ea
1377 3027 1524 3114 postulat
1560 3032 1627 3092 vim

187 3131 327 3196 nominis
349 3130 527 3197 verbalem.
573 3131 634 3195 His
655 3135 754 3216 igitur
777 3133 937 3220 exemplis
960 3135 1038 3198 satis
1062 3144 1200 3220 apparet
1231 3135 1361 3198 nomina
1384 3134 1627 3199 denominativa

189 3233 358 3298 verbalem
397 3243 592 3298 structuram
627 3258 692 3300 non
729 3239 952 3323 assumpsisse.
1013 3236 1097 3303 (lum
1130 3249 1238 3302 autem
1273 3235 1449 3300 nominalis
1477 3239 1627 3322 proxime

187 3335 383 3402 accederent
403 3335 444 3400 ad
467 3337 685 3418 significatum
697 3339 888 3421 verbalium,
912 3363 976 3425 qua
999 3338 1039 3404 de
1062 3362 1097 3402 re
1121 3339 1318 3426 compluries
1340 3341 1405 3404 iam
1427 3340 1530 3405 verba
1554 3341 1626 3422 feci,

189 3439 317 3504 duobus
350 3439 442 3521 locis,
473 3441 592 3525 quibus
621 3443 720 3506 nimia
749 3446 799 3508 usi
829 3453 904 3508 sunt
935 3455 1053 3529 poetae
1082 3444 1225 3521 licentia,
1255 3443 1437 3507 verbalium
1468 3446 1564 3510 modo
1587 3469 1627 3509 ea

187 3550 328 3607 tractata
352 3565 422 3608 esse
437 3543 596 3611 videmus.
641 3545 701 3611 Rh.
717 3547 780 3611 312
802 3546 942 3630 legimus
965 3546 1079 3610 πολλοὶ
1102 3543 1132 3608 δ’
1157 3542 1321 3627 ἀτράκτων
1342 3545 1481 3622 τοξόται,
1502 3559 1534 3612 et
1557 3551 1626 3613 sine

187 3643 289 3708 dubio
303 3644 418 3709 eadem
434 3646 475 3710 de
492 3669 590 3711 causa
607 3656 678 3712 orta
691 3659 740 3712 est
756 3651 940 3714 terminatio
952 3673 991 3714 ea
1004 3649 1186 3714 verbalium
1202 3653 1345 3736 propria,
1357 3673 1442 3736 quae
1463 3652 1627 3716 invenitur

187 3749 218 3811 in
235 3748 473 3833 Aristophaneo
494 3749 550 3812 illo
566 3746 712 3831 ναότριαι
726 3751 764 3816 fr.
782 3752 854 3834 825,
872 3776 946 3817 cum
962 3735 1194 3840 Theopompus
1210 3755 1295 3816 iusta
1306 3754 1533 3817 terminatione
1548 3776 1626 3818 usus

189 3851 230 3912 sit
253 3849 291 3916 lr.
311 3851 352 3915 79
368 3850 480 3914 dicens
496 3859 639 3930 γυναῖκας
661 3855 853 3932 tiaratae).
897 3857 1146 3921 Adiectivorum
1166 3857 1307 3942 denique
1335 3858 1453 3936 locum,
1475 3858 1502 3920 si
1528 3857 1625 3922 modo

186 3954 233 4016 ita
262 3952 484 4035 intellegenda
515 3956 631 4040 santi),
663 3957 746 4021 haec
776 3961 952 4024 nominalia
984 3982 1084 4047 saepe
1117 3961 1333 4047 occupabant,
1365 3959 1457 4023 velut
1494 3953 1626 4040 ὁπλίτης

184 4049 273 4140 ἀνήρ,
297 4053 440 4138 δημότης
464 4047 554 4140 ἀνήρ,
576 4059 642 4124 alia
665 4061 776 4128 multa.

281 4159 451 4246 Frequens
465 4169 572 4226 autem
584 4162 728 4228 verbalis
741 4167 936 4230 constructio
950 4178 997 4230 est
1011 4188 1122 4244 eorum
1136 4168 1302 4230 nominum
1314 4167 1346 4229 in
1358 4184 1423 4250 της,
1438 4187 1523 4250 quae
1536 4176 1593 4230 aut
1606 4189 1624 4229 a

184 4265 287 4349 stirpe
310 4274 367 4327 aut
390 4285 409 4326 a
432 4264 536 4327 verbo
561 4265 708 4331 derivata
732 4276 815 4350 sunt,
838 4277 1070 4355 praeterquam
1087 4268 1175 4354 quod
1191 4268 1397 4333 substantiva
1414 4278 1444 4332 et
1460 4265 1624 4334 adiectiva

291 4481 312 4554 ¹)
331 4481 456 4537 Similem
476 4484 604 4568 dativum
623 4488 720 4542 effecit
740 4488 952 4558 Mekle1·Soph.
971 4489 1019 4544 Tr.
1037 4491 1089 4544 256
1113 4511 1131 4556 η
1148 4485 1201 4559 μὴν
1219 4486 1270 4542 τόν
1290 4489 1447 4566 ἀγχιοτῇρα
1466 4483 1550 4543 τοῦδε
1568 4496 1623 4544 τοῦ

184 4565 294 4633 πάθους
312 4582 488 4626 commutans
507 4573 536 4625 in
558 4569 644 4643 ἀμὴν
664 4570 713 4629 τόν
732 4578 758 4630 ol
775 4583 910 4653 κτιοτῆρα
929 4620 936 4633 .
956 4618 962 4631 .
982 4618 1015 4647 .,
1045 4595 1117 4648 quae
1147 4582 1240 4632 tamen
1273 4579 1437 4631 coniectura
1461 4578 1622 4630 necessaria

184 4671 241 4709 non
267 4660 318 4710 est.

289 4762 310 4828 ¹)
327 4757 465 4826 ναάτιάας
483 4779 569 4832 supra
587 4767 723 4835 proposui
741 4786 768 4837 p.
787 4770 829 4824 83.

289 4864 310 4936 8)
330 4865 374 4920 Of.
392 4866 557 4938 Brugmann
576 4869 699 4925 Gramm.
718 4890 746 4941 p.
764 4874 824 4928 415.
