3796 5518
819 425 1031 490 -33-

195 636 263 700 quo
291 613 364 680 loco
394 613 557 678 neminem
578 611 731 677 incidisse
753 614 788 677 in
809 612 925 678 melius
947 612 1030 679 illud
1053 603 1311 696 ἀποστερὴτρινν
1332 609 1431 676 valde
1455 611 1638 694 miraberis,

194 717 223 782 si
244 716 423 801 contuleris
453 737 538 801 quae
561 715 646 779 infra
669 715 710 780 de
733 717 962 780 terminatione
997 735 1067 796 τρις
1099 715 1216 783 dicam.
1267 715 1384 799 ltaque
1415 713 1636 798 fragmentum

195 817 279 883 illud
312 817 417 880 τῶνδε
448 812 611 899 fluitante
643 815 765 900 πόνων,
800 818 889 904 quod
921 820 953 882 in
988 818 1098 902 Etym.
1123 818 1243 902 Magno
1266 817 1340 899 591),
1371 817 1415 881 40
1435 837 1501 880 non
1524 815 1635 880 addito

194 930 311 1007 poetae
342 922 472 985 nomine
503 931 671 987 servatum
700 921 838 1005 legimus
870 942 889 984 e
918 921 1032 986 fabula
1062 919 1204 1007 quadam
1228 915 1390 1001 Ξάντριαι,
1414 939 1479 1004 quo
1503 917 1634 982 demon·

192 1034 299 1088 strare
328 1023 434 1088 voluit
463 1023 696 1105 grammaticus
727 1021 842 1087 eodem
870 1023 979 1103 modo,
1013 1044 1078 1108 quo
1108 1024 1318 1108 barytonum,
1346 1020 1439 1085 velut
1461 1015 1633 1104 πλανήτης,

191 1138 373 1211 oxytonum
396 1125 528 1189 illorum
555 1127 654 1189 trium
681 1121 863 1207 βουλευτής,
897 1121 1057 1208 αἰχμητὴς,
1087 1119 1238 1208 ὑβριστής
1257 1124 1519 1189 terminationem
1542 1121 1632 1187 femi-

193 1229 303 1292 ninam
342 1248 389 1298 τις
424 1249 490 1292 non
525 1249 655 1313 semper
687 1248 767 1291 sono
805 1228 924 1304 efferri,
965 1227 1133 1293 vindicare
1165 1249 1230 1292 nou
1264 1225 1379 1292 dubito
1416 1224 1550 1290 fabulae
1581 1222 1633 1288 illi

190 1329 402 1416 Aeschyleae
425 1331 578 1412 (11.112),
603 1351 801 1416 quamquam
826 1329 938 1395 similis
961 1330 1066 1394 forma
1087 1352 1128 1394 ne
1151 1330 1240 1418 apud
1262 1351 1335 1393 eum
1353 1328 1486 1414 quidem
1501 1327 1630 1410 legitur.

193 1433 379 1498 Meinekius
404 1440 519 1498 contra
542 1433 585 1513 (2,
615 1433 690 1511 646)
722 1435 884 1498 conteiens
913 1441 989 1516 post
1019 1431 1132 1495 πόνων
1157 1455 1274 1496 nomen
1306 1431 1467 1496 excidisse
1491 1425 1633 1492 Πλάτων

191 1535 318 1599 comico
348 1557 388 1598 ea
417 1534 522 1598 verba
552 1534 666 1599 tribuit
694 1534 746 1614 (fr.
776 1535 818 1600 88
847 1534 914 1613 Κ.).
961 1533 1114 1602 Ceterum
1142 1536 1233 1600 vocis
1264 1532 1321 1599 ille
1344 1542 1508 1613 accentus,
1532 1553 1630 1617 quem

187 1639 422 1721 grammaticus
455 1636 556 1718 dedit,
588 1638 649 1700 nisi
681 1639 714 1701 in
736 1635 801 1702 illis
823 1639 929 1702 tribus
951 1636 1121 1703 vocabulis
1148 1659 1214 1701 nou
1249 1636 1432 1717 iuvenitur3
1468 1633 1631 1714 βονλεντίς

186 1752 310 1821 autem,
332 1738 420 1825 quod
436 1739 605 1805 Nauckius
628 1739 728 1822 dedit,
750 1763 814 1805 non
837 1742 944 1804 minus
964 1741 1129 1824 singulare
1145 1748 1231 1805 esset
1245 1760 1352 1824 neque
1369 1736 1501 1800 delendi
1516 1744 1629 1821 posset

188 1851 247 1906 aut
266 1840 405 1923 lnomine
435 1839 623 1920 αι’χμαλωνίς
652 1842 734 1906 Hec.
757 1842 830 1923 615,
860 1843 913 1907 Ai.
937 1843 987 1923 71,
1021 1843 1113 1924 1228,
1144 1843 1235 1906 cuius
1265 1842 1372 1906 torma
1394 1838 1574 1904 masculina
1595 1839 1628 1901 iu
1713 1843 1714 1846 ’

187 1964 244 2028 της
267 1947 397 2008 omuino
420 1966 485 2009 nou
509 1952 626 2024 exstat,
650 1955 706 2009 aut
728 1943 885 2027 singulari
906 1943 965 2009 illo
987 1947 1092 2014 ναντίς
1111 1944 1226 2008 comici
1251 1943 1457 2026 Theopompi
1480 1941 1519 2006 fr.
1542 1940 1627 2020 971),

187 2048 281 2112 euius
312 2059 485 2112 accentum
519 2068 584 2111 non
615 2048 719 2112 miuus
749 2059 936 2131 suspectum
965 2069 1036 2112 esse
1065 2057 1144 2130 puto
1174 2067 1273 2131 quam
1300 2054 1404 2109 totum
1426 2043 1510 2108 illud
1531 2062 1626 2129 prae·

184 2159 328 2234 ceptum,
358 2150 448 2236 quod
475 2152 708 2234 grammaticus
737 2152 769 2214 in
800 2150 910 2236 Etym.
935 2150 1055 2233 Magno
1080 2150 1180 2228 dedit,
1215 2170 1288 2213 cum
1312 2156 1448 2232 propter
1469 2143 1626 2209 vocabuli

180 2274 301 2323 sonum
324 2264 393 2318 tum
416 2264 552 2340 propter
574 2255 726 2318 suffixum
748 2274 794 2324 τις
815 2255 938 2344 nomini
959 2253 1087 2318 verbali
1106 2253 1264 2317 additum.

293 2356 430 2420 Praeter
465 2357 546 2421 duas
576 2354 649 2420 illas
671 2357 818 2420 feminini
841 2358 972 2437 formas,
1001 2355 1042 2420 de
1065 2354 1183 2442 quibus
1205 2353 1313 2419 adhuc
1334 2350 1509 2436 disputavi,
1530 2349 1624 2413 tertia

184 2458 285 2522 etiam
306 2467 425 2541 exstat,
449 2458 522 2523 dico
543 2479 621 2540 νρις,
644 2481 742 2544 quarn
766 2470 912 2523 veterem
935 2481 1006 2523 esse
1026 2459 1146 2542 linguis
1162 2456 1354 2543 propinquis
1371 2455 1625 2534 demonstratur,
1671 2475 1672 2480 ¹

185 2562 217 2626 iu
241 2558 444 2626 Graecorum
479 2573 588 2624 tamen
624 2583 685 2624 usu
718 2563 798 2626 artis
828 2559 948 2626 finibus
982 2563 1260 2648 circumscriptam
1296 2559 1396 2622 fuisse
1429 2554 1623 2621 videbimus.

185 2661 348 2728 Homerus
377 2666 462 2727 enirn
491 2674 624 2752 praeter
653 2661 768 2744 πατρίς
797 2663 921 2728 nullum
949 2666 1041 2728 novit
1064 2663 1252 2748 exemplum
1273 2662 1335 2725 nisi
1368 2654 1493 2738 ἀλετρίς
1515 2679 1534 2720 ν
1560 2657 1621 2722 105

181 2765 296 2848 φήμην
318 2759 346 2826 δ’
356 2761 390 2836 ἐξ
410 2751 508 2828 οἴκοιο
531 2759 609 2849 γννὴ
639 2769 799 2850 προέηκεν
831 2759 964 2847 ἀλετρίς.
1025 2768 1131 2851 Magis
1165 2767 1262 2830 etiam
1295 2784 1394 2849 quam
1427 2779 1501 2840 τρια
1536 2759 1621 2824 hanc

183 2869 321 2931 formam
355 2870 472 2951 tragici
506 2868 686 2933 reiciebaut
714 2880 841 2954 poetae.
901 2869 1087 2955 Aeschylus
1118 2880 1151 2934 et
1181 2866 1356 2954 Euripides
1387 2865 1517 2928 omnino
1547 2884 1620 2926 eam

181 2969 398 3054 ignorabant3
431 2971 470 3034 fr.
505 2972 617 3057 adesp.
645 2969 710 3036 585
742 2972 881 3055 legimus
912 2966 1083 3053 ἀλεκτορίς,
1118 2971 1206 3058 quod
1242 2981 1278 3035 ut
1311 2969 1414 3032 simile
1447 2965 1510 3030 hoc
1546 2964 1619 3029 loco

181 3072 302 3154 affero;
336 3071 515 3157 Sophocles
546 3076 676 3160 scripsit
712 3074 751 3138 fr.
782 3076 844 3139 794
873 3070 1083 3148 ποππύζεναι
1111 3071 1316 3157 ζενγηλνιρίς.
1361 3068 1486 3134 Comici
1509 3076 1619 3130 autem

181 3195 305 3238 maore
335 3175 460 3240 ambitu
485 3176 578 3240 illam
608 3178 868 3241 terminationem
890 3176 1091 3241 adhibebant
1114 3177 1214 3241 etita
1237 3173 1380 3260 quidem,
1401 3180 1438 3236 ut
1460 3171 1619 3252 originem

182 3278 252 3341 eius
275 3299 473 3362 cognoscere
495 3281 667 3363 possimus.
709 3274 854 3360 Ἀλενρίς
876 3281 961 3344 euim
984 3279 1047 3364 Ly.
1066 3280 1130 3343 644
1151 3274 1265 3365 puella
1286 3276 1406 3339 dicitur
1428 3295 1512 3359 quae
1536 3272 1618 3336 deae

180 3380 289 3458 molit;
328 3382 429 3446 Arist.
469 3382 507 3450 t'r.
538 3380 760 3446 8411tradita
791 3392 840 3446 est
868 3382 979 3467 glossa
1008 3380 1207 3462 πλνντρίδες,
1237 3402 1335 3466 quam
1365 3376 1501 3442 Photius
1531 3399 1555 3442 s.
1585 3397 1616 3440 v.

178 3481 343 3560 λοντρίδες
358 3484 539 3569 explicavit
553 3481 611 3546 dic
625 3479 809 3564 accusasset
824 3479 861 3547 τὸ
885 3478 957 3553 ἕδος
978 3486 1035 3567 τῆς
1055 3475 1205 3568 Ἀθηνᾶς.
1249 3484 1400 3568 Apparet
1421 3483 1521 3564 igitur
1535 3479 1617 3544 haec

179 3589 310 3649 nomina
332 3601 448 3651 vetera
470 3609 552 3667 esse,
575 3609 660 3672 quae
684 3587 774 3652 cultu
794 3586 929 3652 deorum
953 3597 1085 3652 servata
1108 3593 1209 3667 erant,
1232 3608 1306 3649 cum
1328 3586 1362 3649 in
1383 3605 1445 3648 usu
1467 3581 1617 3646 sollemni

178 3695 289 3751 essent
310 3683 476 3771 πλύντρια,
501 3689 552 3770 al,
576 3711 683 3775 neque
707 3688 833 3770 dubita,
855 3691 934 3775 quin
958 3688 1072 3753 codem
1094 3688 1152 3754 illo
1174 3698 1328 3773 respectu
1345 3687 1432 3751 dicta
1447 3686 1510 3748 sint
1525 3686 1616 3748 initio

177 3780 350 3872 ὀρχηστρίς
366 3801 398 3853 et
414 3788 571 3874 αὐλητρίς,
595 3814 679 3877 quae
703 3792 900 3875 compluries
922 3791 1077 3877 leguntur
1099 3792 1188 3876 apud
1212 3790 1476 3875 Aristophanem.
1521 3785 1617 3867 Quae

180 3903 290 3956 autem
312 3902 422 3956 cetera
443 3915 481 3958 ea
503 3896 731 3959 terminatione
754 3894 904 3978 praedita
924 3895 1042 3976 inveni,
1064 3905 1137 3958 sunt
1158 3893 1256 3958 haec:
1279 3889 1318 3976 γῆ
1340 3892 1491 3971 connais
1509 3889 1616 3974 Eupo·

178 3995 253 4060 lidis
286 3999 327 4061 fr.
365 3998 439 4078 380,
478 3997 693 4083 Cephisodori
723 3999 763 4063 fr.
793 3998 824 4080 6,
863 3991 909 4080 qiu
940 3997 1065 4077 λοντρίς
1092 3997 1297 4082 Theopompi
1327 3994 1442 4075 1131,
1477 3993 1616 4076 μυρρίνη

179 4103 397 4178 στεφανωτρίς
416 4101 654 4186 Apollophanis
672 4101 711 4165 fr.
736 4100 766 4182 5,
790 4093 1151 4185 yroiupjdnooasgnspic
1172 4101 1360 4164 coniectura
1382 4093 1464 4159 illud
1492 4094 1615 4158 factum

177 4199 241 4268 Nu.
275 4200 346 4269 730.
392 4203 498 4267 Multa
528 4206 626 4269 etiam
657 4204 746 4289 apud
769 4204 1008 4287 Hippocratem
1039 4216 1072 4266 et
1095 4201 1300 4266 Herodotum
1330 4199 1492 4282 leguntur,
1522 4196 1615 4261 velut

176 4306 336 4386 σμηκνρίς,
365 4295 518 4384 ἀκεστρίς,
548 4307 622 4372 alia.
674 4307 745 4371 Iam
775 4316 886 4370 autem
909 4298 1054 4387 αὐλητρίς
1076 4315 1108 4368 et
1130 4300 1290 4384 dissaepta
1311 4301 1400 4388 apud
1423 4299 1520 4364 Ioues
1543 4307 1614 4362 orta

178 4429 249 4471 esse
280 4407 466 4492 significatu
495 4431 607 4474 eorum
636 4413 713 4474 satis
745 4409 984 4474 demonstratur
1016 4419 1049 4473 et
1080 4406 1291 4472 confirmatur
1320 4406 1408 4469 Ionis
1431 4403 1470 4466 11.
1492 4403 1534 4467 39
1558 4395 1614 4463 ἐπὶ

177 4500 299 4580 δἀὐλός
334 4502 474 4589 ἀλέκτωρ
506 4504 635 4572 Λύδιον
667 4502 769 4590 ὕμνον
800 4508 911 4588 ἀχέων.
937 4527 940 4536 ’
968 4509 1050 4575 Cum
1081 4511 1199 4575 deiude
1229 4510 1393 4574 Homerus
1427 4503 1613 4589 exemplum

176 4611 336 4695 praebeat
366 4624 399 4676 et
429 4612 620 4698 Sophocles,
650 4625 748 4698 poeta
777 4610 993 4687 iocunditates,
1028 4635 1113 4678 unus
1141 4637 1159 4677 e
1191 4614 1324 4698 tragicis
1351 4610 1612 4675 terminationem

180 4765 487 4778 w

280 4836 302 4900 ¹)
321 4833 365 4888 Of.
384 4833 502 4888 Lobeck
520 4833 627 4904 Phryn.
645 4835 705 4888 256.

1494 4919 1526 4968 g*
