3796 5518
804 425 1011 491 ..99-

189 615 222 679 in
246 632 323 695 τωρ,
345 619 485 698 excepto
509 611 660 678 sollemni
688 611 745 678 illo
768 602 916 693 ἀλαστωρ
946 613 1009 680 An.
1047 612 1119 697 974,
1155 615 1295 701 primum
1331 613 1482 700 leguntur
1511 617 1543 681 in
1565 617 1630 698 At,

189 716 263 799 396,
285 716 367 800 5173
389 716 522 803 passiva
543 716 577 780 in
597 735 655 798 της
677 716 831 780 exeuntia
853 714 972 784 desunt
993 717 1026 780 in
1050 716 1228 801 Antigona.

297 819 359 884 His
380 827 491 885 autem
514 816 673 906 exemplis
696 816 786 883 clare
808 826 909 905 atque
924 817 1094 884 evidenter
1109 840 1271 906 apparere
1286 819 1420 885 videtur
1431 819 1629 908 Sophoclem

190 923 222 988 in
245 923 348 988 Aiace
370 921 575 987 auctoritatis
597 921 732 986 minoris
754 921 804 986 sui
827 920 947 986 aemuli
969 921 1110 1006 vestigia
1131 921 1293 1007 praebere
1316 945 1380 988 non
1401 924 1541 989 minima.

295 1025 334 1090 In
357 1022 427 1092 OT.
451 1032 560 1088 autem
581 1022 695 1088 fabula
717 1023 799 1088 hacc
821 1023 930 1088 inveni
961 1043 1046 1110 quae
1075 1022 1251 1111 proferam.
1308 1029 1415 1088 Τέκνα
1443 1027 1512 1092 OT.
1545 1025 1629 1094 1250

190 1126 361 1214 pluraliter
383 1147 444 1211 pro
467 1125 626 1211 singulari
645 1126 788 1212 positum
811 1136 878 1209 est3
900 1127 1067 1207 παρθένος
1091 1124 1160 1192 1ἰΙία
1191 1134 1240 1192 est
1268 1129 1409 1214 primum
1432 1125 1502 1194 OT.
1529 1129 1628 1204 14623

189 1231 343 1295 feminina
365 1231 471 1295 forma
492 1218 657 1310 εὐνάτειρα
681 1228 800 1314 legitur
825 1229 916 1310 1101,
939 1229 967 1294 si
990 1229 1087 1295 modo
1110 1238 1199 1294 recte
1232 1238 1280 1294 est
1302 1231 1460 1296 restituta.
1514 1231 1628 1317 Σωτήρ

191 1355 290 1398 unum
315 1355 358 1398 ex
380 1334 436 1413 eis,
460 1353 545 1418 quae
567 1333 600 1397 in
623 1352 682 1414 τηρ
705 1341 836 1413 exeunt,
857 1330 1028 1397 verbalem
1051 1340 1250 1397 structuram
1272 1334 1447 1418 assumpsit
1462 1331 1532 1400 OT.
1548 1334 1627 1416 3043

189 1457 273 1501 unus
295 1433 350 1499 ille
372 1432 522 1522 ,pluralis
554 1429 765 1516 ναμφεὺματα
795 1433 916 1519 legitur
949 1431 1018 1501 OT.
1042 1434 1122 1519 9803
1154 1437 1284 1500 nomina
1316 1435 1466 1502 verbalia
1501 1439 1535 1503 in
1566 1458 1628 1517 μας

191 1538 283 1603 finita
304 1539 445 1624 primum
465 1535 622 1622 leguntur
644 1538 677 1602 in
700 1535 781 1619 οΤ.,
803 1537 855 1619 30,
878 1536 932 1621 99;
954 1540 1084 1621 arverne
1106 1539 1275 1625 passivum
1295 1536 1512 1622 significatum
1528 1539 1627 1605 habet

189 1663 253 1708 uno
284 1662 382 1719 versu
402 1641 482 1723 47ος
503 1635 656 1723 κήδευμα,
678 1661 778 1705 unum
801 1638 883 1705 iliud
906 1641 938 1704 in
960 1659 1007 1719 μα
1028 1639 1165 1720 finitum,
1190 1641 1278 1727 quod
1309 1663 1374 1706 non
1403 1663 1465 1728 pro
1495 1643 1624 1708 nomine

190 1742 424 1810 contumelioso
455 1742 578 1808 dictum
609 1753 672 1821 est,
703 1750 811 1808 exstat
841 1740 911 1808 O'P.
942 1743 999 1825 853
1033 1748 1134 1821 γονεῖς
1169 1746 1310 1830 primum
1339 1743 1460 1830 legitur
1490 1747 1523 1810 in
1545 1744 1626 1821 OT..

188 1846 280 1912 velut
301 1847 383 1923 436;
405 1843 435 1909 οἱ
455 1838 611 1928 τεκόντας,
631 1844 672 1910 α1.
696 1866 757 1932 pro
779 1853 874 1931 patre
897 1854 1027 1910 exstant
1052 1843 1121 1912 OT.
1148 1847 1239 1927 1007,
1267 1847 1355 1914 1176.

296 1949 333 2013 ln
357 1948 489 2014 Electra
511 1948 651 2034 denique
674 1960 806 2034 praeter
829 1970 877 2030 ea,
901 1969 986 2034 quae
1008 1968 1109 2033 supra
1131 1947 1236 2032 attuli,
1260 1949 1460 2035 Euripideae
1477 1950 1627 2022 dictionis

189 2051 342 2138 exempla
364 2051 445 2116 haec
468 2053 671 2136 potissimum
692 2054 810 2117 inveni.
858 2049 960 2122 Κάσις
990 2074 1050 2138 pro
1080 2051 1234 2118 feminino
1263 2064 1438 2140 usurpatur
1466 2054 1518 2120 El.
1541 2053 1624 2138 3253

188 2157 295 2222 forma
324 2154 504 2243 Euripidea
531 2159 648 2218 τεκέων
680 2155 730 2221 El.
761 2157 820 2221 187
830 2180 838 2240 3
866 2155 1082 2236 coarctaremur
1117 2154 1169 2224 El.
1205 2155 1272 2238 107,
1310 2155 1398 2243 quod
1428 2179 1544 2223 nomen
1580 2157 1624 2221 ab

188 2259 347 2345 Euripide
371 2258 594 2345 usurpabatur
615 2259 816 2346 frequenter,
839 2259 928 2346 apud
951 2258 1147 2346 Sophoclem
1170 2271 1279 2324 antem
1308 2283 1372 2325 una
1403 2267 1494 2324 certa
1518 2259 1624 2324 forma

188 2364 221 2427 in
252 2382 341 2445 τειρα
371 2371 420 2427 est
452 2359 605 2449 idemque
635 2364 765 2430 unicum
798 2362 985 2449 exemplum
1016 2363 1155 2429 nominis
1187 2364 1220 2426 in
1241 2382 1301 2444 τηρ
1323 2384 1396 2428 cum
1420 2361 1623 2428 substantivo

189 2465 300 2552 aliquo
324 2466 510 2550 compositi;
534 2457 678 2548 ὀχήματα
707 2464 879 2550 pluraliter
909 2465 1029 2530 dicitur
1060 2487 1123 2530 uno
1153 2486 1253 2530 versu
1275 2465 1354 2543 7403
1384 2463 1528 2530 verbalis
1549 2486 1624 2530 con·

189 2570 390 2633 constructio
412 2569 579 2633 nominum
601 2568 635 2632 in
656 2587 703 2646 μα
723 2568 837 2654 incipit
859 2566 900 2632 ab
923 2567 1066 2633 Electra.

294 2669 388 2735 Haeo
410 2679 494 2752 sunt,
519 2690 603 2755 quae
619 2671 814 2755 gravissima
828 2669 955 2735 alienae
975 2670 1124 2736 dictionis
1142 2667 1296 2757 exempla
1318 2667 1407 2755 apud
1428 2666 1622 2755 Sophoclem

187 2776 321 2839 inventa
345 2769 470 2856 afferres
492 2794 637 2859 possum.
681 2772 767 2840 Satis
790 2775 836 2840 eis
860 2771 1026 2859 probatur,
1050 2772 1159 2855 credo,
1190 2773 1242 2838 Ai.
1266 2770 1336 2837 OT.
1362 2771 1623 2855 Elwfabularum

188 2897 369 2942 sermonem
392 2876 452 2940 sub
476 2878 670 2942 auctoritate
694 2877 861 2964 Euripidis
884 2885 992 2943 ortum
1015 2899 1097 2958 esse,
1120 2899 1204 2964 quae
1230 2876 1323 2941 nobis
1347 2877 1479 2963 quidem
1509 2877 1623 2964 incipit

188 2978 367 3046 aMedeae
391 2988 509 3063 aetate,
530 2981 717 3065 Antigonae
740 2989 849 3046 antem
879 3002 997 3067 purum
1034 2979 1253 3066 Sophocleum
1285 3001 1364 3044 ease.
1409 2975 1483 3058 Quo
1513 2991 1623 3045 autem

189 3082 304 3150 ordine
325 3082 456 3149 illarum
477 3083 663 3150 fabularum
685 3083 750 3149 alia
773 3084 870 3150 aliam
887 3093 999 3150 secuta
1021 3086 1072 3165 sit,
1094 3091 1131 3148 ut
1154 3083 1361 3164 diiudicetur,
1380 3083 1502 3150 maiore
1526 3102 1623 3167 quae·

186 3189 289 3253 stione
311 3209 395 3274 opus
418 3188 488 3252 erit.
