3796 5518
815 433 1031 497 ,79-

202 623 320 690 borum
346 621 567 708 explicaretur
590 631 623 684 et
646 619 863 701 excoleretur,
886 621 1016 684 nomina
1031 621 1064 684 in
1079 641 1135 702 της
1150 620 1395 706 usurpabantur
1412 621 1453 686 ad
1469 618 1642 684 formanda

202 729 393 813 composita,
417 746 488 788 cum
513 724 645 788 nomina
666 725 699 787 in
722 744 789 804 τηρ,
812 745 896 808 quae
914 722 1048 808 antiqua
1064 733 1097 786 et
1112 721 1293 786 immobilia
1311 733 1414 803 erant,
1437 723 1468 785 in
1493 743 1641 785 sermone

201 840 327 894 tantum
359 827 536 892 artificioso
567 848 640 890 cum
669 825 741 890 aliis
776 825 949 890 vocabulis,
981 825 1243 889 coniunctionem
1277 825 1404 891 inirent.
1449 824 1502 887 lta
1533 830 1642 887 autem

200 933 325 998 factum
349 941 407 1013 est,
429 940 465 995 ut
486 928 649 1014 permulta
671 929 831 1014 simplicia
853 930 884 993 in
908 950 976 1011 τηρ,
1008 930 1189 1013 composita
1219 948 1330 991 eorum
1360 928 1392 990 in
1422 945 1478 1010 της
1508 925 1642 1004 exirent,

200 1037 292 1100 velut
315 1029 435 1116 στατήρ
458 1026 652 1114 προστάτης,
678 1023 783 1113 ὀπτήρ
804 1028 975 1113 κατόπτης,
998 1027 1105 1113 ποτήρ
1122 1029 1297 1111 συμπότης,
1319 1023 1434 1110 ἐλατὴρ
1449 1022 1643 1111 ἱππηλάτης,

200 1137 319 1216 δαίτιορ
341 1133 606 1219 χρηματοδαίτης,
628 1129 729 1213 βοτήρ
751 1129 911 1216 ναυβάτης
934 1127 1095 1216 διαβήτης,
1118 1127 1224 1215 φατήρ
1257 1130 1437 1214 κακοφότης
1467 1125 1642 1212 προφήτης,

200 1233 292 1321 ἱκτήρ
314 1234 423 1320 ἱκέτης,
444 1226 544 1318 βοτήρ
567 1229 721 1318 συβώτης,
744 1229 848 1318 θυτήρ
870 1229 1056 1318 μηλοθύτης
1076 1233 1245 1319 multaque
1273 1232 1346 1298 alia.
1392 1231 1498 1318 Saepe
1533 1239 1642 1294 autem

201 1343 233 1404 in
256 1340 306 1406 his
328 1337 514 1403 nominibus
538 1337 668 1419 accidit,
700 1347 738 1402 ut
764 1346 860 1401 vetus
891 1337 1030 1422 simplex
1065 1349 1189 1402 certum
1224 1335 1387 1422 quendam
1424 1334 1642 1418 significatum

201 1451 392 1522 assumeret,
414 1443 447 1506 in
473 1441 652 1522 composito
676 1439 842 1504 sollemnis
865 1439 958 1504 verbi
982 1441 1032 1504 vis
1055 1450 1254 1520 servaretur,
1286 1437 1379 1504 velut
1406 1429 1525 1521 στατήρ
1560 1459 1642 1517 προ-

201 1543 325 1627 στάτης,
344 1533 448 1626 βοτήρ
471 1535 636 1625 ἐπιβάτης,
658 1535 762 1625 ποτήρ
784 1538 962 1624 συμπότης.
1665 1543 1668 1552 ’

302 1645 376 1710 Nou
399 1647 557 1732 pauciora
580 1667 677 1730 quam
702 1667 720 1707 a
743 1646 843 1730 stirpe
868 1645 1021 1708 derivata
1052 1653 1127 1709 sunt
1157 1645 1293 1728 abipso
1325 1644 1427 1707 verbo
1458 1645 1590 1708 nomina
1609 1645 1641 1706 in

199 1771 264 1833 της.
310 1749 412 1834 Apud
444 1746 645 1833 Aeschylum
669 1760 778 1812 autem
807 1748 961 1832 leguntur
990 1747 1088 1814 hacc:
1134 1747 1165 1810 A
1195 1744 1305 1812 verbis
1338 1747 1515 1810 contractis
1544 1745 1643 1809 ducta

201 1847 391 1935 ἕπιτιμητής
425 1851 478 1915 Pr.
511 1851 562 1928 77,
591 1843 755 1934 θρηνητής
785 1850 849 1934 Ag.
883 1850 974 1931 1059,
1006 1850 1081 1930 alia,
1113 1871 1197 1934 quae
1221 1850 1328 1914 omnia
1351 1858 1498 1933 oxytona
1520 1860 1595 1911 sunt
1608 1848 1641 1925 ¹).

200 1955 349 2020 Eundem
373 1962 545 2017 accentum
568 1961 813 2039 assumpserunt
837 1975 885 2034 ea,
911 1975 995 2037 quae
1030 1976 1049 2015 a
1078 1951 1189 2016 verbis
1224 1953 1258 2015 in
1280 1949 1340 2021 αζω
1363 1963 1396 2014 et
1418 1948 1470 2020 ιζω
1493 1949 1642 2014 derivata

199 2067 285 2136 sunt,
304 2055 396 2118 velut
417 2049 568 2137 ὑβριστής
589 2054 643 2120 Pr.
668 2055 739 2134 743,
762 2053 939 2138 παλαιστής
968 2054 1023 2121 Pr.
1047 2053 1120 2134 952,
1145 2048 1336 2134 πεμπαστής
1359 2053 1414 2118 Pe.
1437 2052 1501 2117 984
1531 2063 1563 2115 et
1593 2073 1641 2130 ea,

201 2180 340 2243 quorum
365 2158 456 2240 origo
479 2159 557 2221 satis
577 2169 750 2244 perspecta
773 2157 916 2222 noudum
941 2171 998 2238 est,
1020 2153 1194 2240 τευχηστής
1228 2155 1281 2221 Se.
1305 2157 1386 2238 631,·
1406 2149 1566 2239 ἀλφηστής
1589 2154 1641 2220 Se.

200 2258 273 2338 755,
323 2255 479 2342 ἀργηστής
523 2258 575 2324 Se.
623 2261 674 2324 60.
734 2261 902 2344 Barytona
946 2262 1043 2324 etiam
1080 2257 1252 2342 nonnulla,
1291 2280 1488 2345 quamquam
1524 2280 1641 2344 pauca,

199 2363 362 2446 leguntur,
385 2361 476 2426 velut
500 2357 639 2446 δυνήτης
661 2363 718 2426 Pe.
734 2362 806 2443 678,
831 2359 967 2445 πελάτης
992 2362 1118 2441 Paeo,
1142 2356 1276 2443 ἀγύρτης
1297 2359 1360 2445 Ag.
1379 2361 1471 2442 1272,
1494 2357 1642 2423 ἀθυμίαν

200 2475 338 2529 accentu
360 2466 423 2549 ipsi
454 2472 584 2528 veteres
606 2466 810 2547 grammatici
835 2463 1078 2530 dissentiebant.
1126 2463 1245 2544 Ceteri,
1270 2471 1302 2526 et
1324 2464 1441 2546 tragici
1465 2472 1497 2526 et
1526 2462 1642 2526 comici

199 2577 326 2653 poetae,
349 2567 583 2631 informandis
605 2566 700 2630 huius
723 2565 811 2630 modi
840 2566 1025 2632 nominibus
1056 2565 1203 2631 similiter
1235 2575 1380 2649 egerunt,
1412 2567 1473 2628 nisi
1497 2564 1585 2650 quod
1608 2565 1641 2628 in

199 2671 369 2734 comoedia
394 2669 558 2754 barytona
580 2668 638 2732 illa
661 2691 795 2752 prorsus
820 2668 946 2735 desunt.

304 2771 420 2836 Restat
443 2773 594 2857 denique,
617 2782 652 2835 ut
675 2794 781 2857 pauca
805 2770 911 2835 dicam
935 2772 976 2836 de
997 2770 1183 2836 nominibus
1207 2769 1466 2836 denominativis.
1514 2769 1640 2834 Horum

199 2881 308 2938 autem
344 2873 466 2938 ducant
504 2897 619 2958 agmen
659 2897 707 2956 ea,
731 2895 820 2959 quae·
839 2873 975 2938 abiectis
999 2872 1252 2964 consonantibus
1282 2893 1296 2942 ς
1326 2881 1382 2938 aut
1415 2872 1640 2937 vfinientibus

198 2975 356 3040 suffixum
378 2997 433 3060 της
457 2977 677 3056 assumebant,
700 2976 792 3040 velut
813 2972 929 3058 ναύτης
955 2977 1008 3040 Pr.
1034 2975 1105 3058 753,
1134 2970 1249 3060 βούτης
1279 2976 1332 3040 Pr.
1356 2974 1429 3058 590,
1457 2967 1640 3058 πρεσβύτης

200 3079 262 3145 Eu.
287 3076 513 3163 734,,τοξότης
536 3082 599 3164 Ag.
625 3080 696 3159 633,
719 3075 861 3162 ἱππότης
890 3079 973 3143 Hec.
1005 3078 1083 3160 71ος
1119 3089 1299 3164 ‘sequantur
1332 3100 1381 3157 ca,
1414 3100 1498 3163 quae
1529 3076 1638 3142 suffixi

200 3201 268 3265 ιτης
292 3203 353 3268 ope
386 3183 526 3246 formata
555 3191 638 3258 sunt,
668 3181 740 3246 dieo
774 3174 906 3264 όπλίτης
934 3179 1015 3246 Ηεο.
1047 3181 1119 3262 699,
1149 3180 1276 3262 λοχίτης
1305 3181 1368 3264 Ag.
1394 3181 1486 3262 1650,
1506 3179 1640 3263 πολίτης

199 3283 251 3348 8ο.
277 3285 347 3349 174.
392 3285 446 3348 Ab
479 3285 651 3349 adiectivis
680 3283 778 3350 ducta
809 3294 884 3348 sunt
913 3285 1053 3366 nomina,
1085 3305 1168 3369 quae
1200 3295 1322 3348 ex'euut
1350 3288 1383 3348 in
1413 3303 1516 3366 ιατης,
1546 3283 1638 3348 velut

196 3385 370 3471 βακχιώτης
393 3384 460 3453 OC.
484 3388 562 3467 078,
580 3382 733 3470 ἑστιώτης
755 3386 809 3453 Tr.
827 3385 899 3464 954,
919 3383 1100 3470 πατριώτης
1115 3383 1184 3452 OT.
1205 3387 1297 3467 1091,
1319 3383 1474 3470 νησιώτης
1493 3386 1549 3452 Ρο.
1565 3387 1636 3452 393.

200 3488 275 3551 Alia
305 3502 378 3553 suut
408 3487 564 3573 πολιήτης
591 3488 648 3553 Ρο.
679 3489 751 3566 559,
787 3484 952 3571 δεσμώτης
980 3489 1033 3552 Pr.
1067 3488 1136 3570 120,
1171 3485 1340 3571 πυργώτης
1365 3488 1417 3556 Se.
1442 3491 1513 3556 333.
1558 3489 1637 3553 Eius

200 3591 289 3655 modi
325 3593 423 3656 etiam
460 3595 599 3672 nomina,
623 3613 706 3676 quae
737 3601 810 3655 sunt
842 3587 968 3674 ἀλήτης,
1001 3585 1172 3673 πλανήτης,
1202 3587 1408 3674 οἰσυμνήτης,
1435 3587 1637 3676 κυβερνήτης,

198 3693 283 3756 inter
295 3690 538 3758 denominativa
550 3692 751 3759 numeranda
766 3700 849 3775 sunt,
859 3694 947 3779 quod
959 3695 1023 3757 iam
1036 3716 1055 3757 a
1066 3704 1180 3758 vetere
1197 3699 1409 3778 grammatico
1426 3694 1637 3761 observatum

200 3817 271 3858 esse
294 3797 404 3860 inveni
427 3799 460 3859 in
485 3797 592 3882 Etym.
615 3797 737 3880 Magno
761 3796 812 3877 61,
834 3795 876 3860 55
888 3795 921 3872 ²).
968 3795 1077 3860 Oausa
1101 3803 1220 3866 autem.
1245 3819 1303 3860 cur
1335 3797 1416 3861 haec
1455 3810 1487 3863 et
1520 3799 1636 3862 similia

197 3895 305 3961 dicam
323 3899 507 3981 nominalis,
524 3922 563 3964 ea
579 3909 636 3977 est,
652 3899 750 3983 quod,
760 3885 800 3963 ¹ut
815 3919 879 3961 uno
903 3898 1006 3962 verbo
1023 3899 1139 3980 dicam,
1163 3910 1370 3984 paroxytona
1392 3909 1477 3967 sunt.
1507 3899 1636 3965 Nullius

196 4001 283 4062 enim
306 4003 435 4065 omnino
459 4003 597 4065 nominis
618 4002 850 4066 denominativi
872 4001 906 4064 in
928 4022 982 4085 της
1013 4001 1141 4087 syllaba
1172 4013 1341 4086 postrema
1365 4025 1443 4067 sono
1475 4003 1563 4068 elata
1586 4015 1635 4070 est

197 4104 229 4167 in
253 4105 329 4167 totis
351 4102 555 4170 Graecorum
577 4105 703 4172 litteris.
748 4105 863 4192 Neque
885 4106 918 4168 in
941 4105 999 4169 tali
1027 4115 1164 4171 accentu
1201 4114 1248 4170 est
1271 4106 1358 4194 quod
1390 4107 1461 4191 quis
1489 4109 1636 4189 miretur,

196 4228 272 4271 cum
294 4209 415 4270 nomini
439 4230 516 4272 suus
546 4229 644 4272 sonus
674 4209 727 4273 vel
758 4209 870 4275 addito
900 4207 1019 4273 suffixo
1057 4218 1215 4288 servetur,
1253 4219 1285 4272 et
1321 4211 1392 4294 ipsa
1425 4210 1523 4296 stirps
1558 4213 1634 4274 novi

302 4408 324 4479 ¹)
343 4407 399 4461 Hic
427 4413 561 4463 accentus
585 4410 752 4465 observatus
782 4412 837 4464 iam
863 4415 906 4464 est
931 4427 948 4463 a
972 4410 1125 4464 scholiasta
1151 4411 1209 4479 illo,
1232 4412 1281 4481 qui
1305 4411 1341 4462 ad
1360 4411 1384 4464 Ε
1404 4413 1454 4466 158
1472 4415 1633 4471 annotavit:

194 4499 233 4548 τὰ
251 4490 306 4573 γάρ
321 4497 355 4561 είς
374 4515 422 4561 της
442 4494 566 4566 λήγοντα
585 4493 721 4567 ῥηματικὰ
738 4498 803 4574 ὑπὲρ
823 4492 936 4552 du'ol
888 4499 956 4552 ουλ,
942 4494 1037 4568 λα,βᾰς
1051 4495 1131 4566 φύσει
1149 4503 1240 4574 μακρᾶς
1259 4496 1484 4576 παραληηόμενα,
1497 4495 1633 4570 ὀξύνεται,

195 4583 334 4658 τορουτης,
314 4579 487 4649 ςάθλητής,
506 4583 541 4636 al.

301 4671 322 4738 ²)
341 4672 400 4723 Καὶ
419 4664 461 4722 δεῖ
478 4666 627 4773 ηινώοκειν,
646 4661 691 4724 ότι
710 4661 794 4748 ὥσπερ
814 4667 848 4722 τό
867 4667 987 4740 κομήτης
1005 4675 1054 4724 καὶ
1073 4667 1186 4738 πεδήτης
1210 4692 1258 4724 και
1276 4670 1423 4771 πλανήτης,
1442 4670 1477 4726 οὐ
1495 4666 1632 4744 βηματικιιΙ

195 4749 274 4807 ἄλλοί
292 4753 451 4856 παρώνυμα
474 4749 603 4808 ἀπὸτοῦ
624 4751 690 4821 πέδη
708 4762 756 4809 καὶ
775 4753 867 4822 πλάνη
884 4759 932 4809 καὶ
950 4755 1029 4828 κόμη,
1048 4751 1139 4824 οὕτως
1165 4777 1213 4812 καί
1241 4753 1319 4836 παρὰ
1336 4752 1370 4812 τό
1392 4750 1489 4827 αλ,’”η
1474 4761 1634 4829 οσημαίνει

192 4832 245 4904 τήν
263 4839 377 4912 πλάνην,
396 4843 502 4911 γίνεται
522 4837 633 4908 ἀλήτης
