3796 5518
860 365 1071 429 ..ww

246 544 476 635 Ἀγαμέμνονα,
505 553 561 616 Tr.
585 553 639 621 50.
684 551 836 637 Denique
858 571 973 614 versus
1005 551 1060 616 Tr.
1091 551 1190 628 89213
1218 550 1280 614 hoe
1309 551 1382 616 loco
1412 555 1575 650 tractandi
1604 565 1688 636 sunt,

253 655 372 742 quibus
394 654 564 720 Menelaus
587 653 629 719 ab
652 652 794 717 Hecuba
823 665 985 732 monetur,
1019 665 1056 716 ut
1086 665 1202 716 caveat
1230 675 1367 751 uxore-m
1396 677 1498 738 suam,
1526 654 1612 736 αἱρεῖ
1630 653 1689 735 γὰρ

247 751 375 839 ἀνδρῶν
409 752 538 838 ὄμματ’,
578 751 696 838 ἐξαιρεῖ
744 754 868 834 πόλεις,
913 760 1079 839 πίμπρησι
1117 753 1269 825 δὀἴκους·
1315 755 1362 820 dd
1409 753 1473 834 ἔχει
1515 758 1688 842 κηλήματα.

249 860 430 940 Quominus
467 861 552 924 enim
592 858 820 942 intellegamus
864 855 990 941 κὴλημα
1032 859 1283 943 participialiter
1325 881 1488 924 venenum
1532 862 1585 926 vel
1622 860 1689 925 tale

248 961 337 1049 quid,
371 983 435 1048 quo
469 963 542 1047 quis
573 959 673 1044 κηλεῖ,
693 961 890 1046 impedimur
911 959 1070 1024 adverbio
1092 960 1150 1026 illo
1171 945 1246 1027 ῶδε.
1294 963 1412 1028 Active
1447 965 1548 1047 igitur
1569 985 1688 1028 nomen

249 1065 404 1148 intellego
439 1062 477 1126 τὸ
500 1063 615 1148 κηλεῖν,
637 1065 683 1126 ita
716 1075 753 1126 ut
784 1084 898 1126 sensus
933 1064 1069 1128 exsistat
1102 1045 1167 1125 ῶδε
1189 1063 1296 1146 κηλεῖν
1323 1061 1398 1145 ἔχει,
1433 1079 1466 1130 et
1495 1065 1690 1131 adverbium

248 1167 398 1231 trahatur
412 1166 454 1230 ad
470 1165 534 1230 dno
550 1165 607 1229 illa
618 1167 721 1229 verba
737 1168 920 1230 coniuncta.
951 1164 1116 1230 Probatur
1132 1177 1241 1230 autem
1264 1166 1345 1231 haec
1367 1169 1592 1253 interpretatio
1616 1191 1690 1233 mea

249 1291 299 1350 eo,
316 1267 403 1354 quod
415 1267 532 1332 Suidas
544 1289 662 1332 nomen
676 1263 801 1350 κήλημα
813 1269 1017 1352 comparavit
1029 1289 1102 1332 cum
1119 1289 1158 1331 eo
1177 1268 1266 1352 quod
1283 1279 1332 1332 est
1347 1268 1511 1352 κηληθμὸς
1533 1282 1566 1334 et
1588 1271 1690 1357 expli·

252 1373 340 1436 eavit
361 1392 444 1436 voce
466 1361 585 1453 ἀπάτη,
607 1372 653 1434 ita
675 1380 712 1434 ut
735 1372 764 1434 ei
787 1369 1006 1455 significatum
1029 1371 1172 1434 activum
1196 1382 1310 1434 notum
1332 1373 1433 1436 fnisse
1458 1384 1626 1459 appareat.

354 1507 534 1594 Sophocles
561 1517 671 1572 autem
701 1518 733 1571 et
763 1507 1000 1594 Aristophanes
1030 1507 1117 1572 hunc
1148 1525 1242 1573 usum
1272 1511 1449 1588 nominum,
1472 1531 1569 1594 quem
1592 1509 1690 1573 modo

250 1611 419 1693 descripsi,
443 1611 572 1674 omnino
595 1611 788 1691 reiecerunt,
814 1611 861 1674 ita
883 1620 920 1673 ut
943 1612 1052 1674 statim
1083 1610 1125 1674 ad
1157 1622 1309 1675 naturam
1339 1611 1594 1696 participialinm
1618 1633 1691 1694 cog-

251 1710 450 1776 noscendam
473 1714 612 1776 transire
634 1711 729 1776 nobis
752 1711 858 1776 liceat.
891 1729 894 1736 ’

352 1849 475 1915 Eorum
505 1859 623 1931 autem,
654 1872 739 1936 quae
769 1853 834 1914 vim
864 1850 1214 1935 participialemprae
1252 1873 1286 1914 se
1324 1853 1434 1916 ferunt
1466 1861 1498 1915 et
1527 1833 1692 1936 participii

251 1960 447 2020 structuram
480 1966 592 2017 secuta
622 1964 706 2034 sunt,
741 1955 882 2038 primum
913 1952 976 2017 hoc
1006 1953 1078 2016 loco
1118 1952 1321 2018 afferendum
1359 1965 1406 2016 est
1437 1951 1525 2039 qnod
1556 1952 1693 2030 legimus

252 2057 305 2122 Pr.
329 2055 391 2120 517
415 2050 532 2135 ἔνερθε
554 2053 592 2117 δὲ
618 2050 742 2131 χθονὸς
773 2053 962 2136 κεκρυμμέν’
991 2044 1215 2136 ἀνθρώποισιν
1244 2049 1447 2138 ὠφελήματα,
1475 2055 1533 2121 ubi
1563 2057 1693 2120 dativus

252 2158 310 2224 ille
334 2150 557 2240 ἀνθρώποισιν
579 2180 597 2221 ε
620 2159 724 2222 νον1ιο
746 2153 902 2240 κρύπτειν
924 2158 1069 2244 pendere
1090 2181 1155 2223 non
1188 2170 1308 2243 potest,
1339 2158 1395 2223 sed
1427 2167 1483 2222 ant
1512 2156 1554 2222 ad
1583 2157 1694 2222 multis

249 2260 331 2326 illud
354 2259 525 2324 vocabulis
548 2271 736 2345 separatum
759 2259 896 2324 verbnm
918 2255 1060 2341 ἐξευρεῖν
1083 2274 1139 2325 aut
1171 2262 1214 2326 ad
1245 2281 1362 2324 nomen
1393 2254 1585 2344 ὠφελήματα
1611 2261 1694 2325 refe·

250 2363 373 2428 rendus
395 2373 455 2440 est,
478 2383 552 2427 cnm
575 2361 714 2426 verbnm
736 2352 874 2443 ῶφελεῐν
904 2363 994 2450 apud
1016 2363 1219 2447 Aeschylum
1248 2376 1281 2428 et
1313 2365 1492 2432 accusativi
1521 2364 1588 2444 (Pr.
1618 2363 1694 2440 523)

250 2477 281 2530 et
304 2464 407 2530 dativi
430 2465 499 2544 (Pe.
523 2464 600 2549 844)
624 2464 686 2528 sibi
709 2464 907 2548 adiungendi
924 2465 1118 2531 facultatem
1132 2465 1263 2530 habeat.
1310 2463 1406 2544 Quod
1430 2476 1538 2532 exstat
1555 2464 1695 2531 01].234

251 2557 276 2628 ὦ
303 2567 456 2650 φίλτατον
485 2567 610 2650 μέλημα
639 2563 782 2647 δώμασιν
811 2564 935 2649 πατρὸς
966 2571 1084 2633 certius
1122 2569 1310 2654 exemplum
1346 2569 1455 2653 putari
1492 2589 1557 2632 non
1585 2578 1695 2654 potest

252 2693 350 2756 quam
374 2669 473 2756 Soph.
497 2669 556 2734 Ph.
589 2670 651 2735 150
676 2670 773 2748 μέλον
808 2666 910 2733 πάλαι
938 2665 1064 2754 μέλημύ
1084 2692 1142 2749 μοι
1169 2671 1278 2750 λέγεις,
1309 2692 1383 2736 cum
1414 2669 1545 2733 dativus
1568 2669 1623 2734 ille
1653 2667 1695 2733 ab

251 2772 415 2837 adiectivo
437 2771 589 2854 φίλτατον
606 2785 638 2838 et
652 2773 705 2836 hic
728 2796 747 2836 a
769 2772 872 2837 verbo
894 2771 991 2850 λέγεις
1014 2784 1050 2838 ut
1071 2785 1204 2858 regatur
1224 2773 1296 2838 fieri
1317 2775 1431 2859 possit.
1476 2772 1563 2838 Num
1586 2782 1695 2836 autem

253 2874 313 2941 Oh.
339 2876 399 2939 154
421 2878 455 2938 in
479 2874 588 2939 verbis
610 2871 713 2957 ἔρυμα
734 2872 812 2938 τόδε
834 2875 938 2938 κακῶν
959 2874 1079 2938 κεδνῶν
1100 2876 1126 2938 τ’
1151 2888 1183 2941 et
1206 2877 1270 2943 Me.
1297 2877 1380 2940 1322
1408 2871 1510 2956 ἔρυμα
1538 2873 1696 2952 πολεμίας

256 2973 349 3059 χερός
371 2981 570 3042 constructio
593 2977 739 3042 verbalis
763 2974 880 3058 (ἐρύειν
900 2973 972 3040 τινα
992 2979 1089 3055 τινος)
1114 2981 1265 3062 cognosci
1282 2977 1414 3059 debeat,
1437 2978 1616 3042 diiudicare
1630 2999 1697 3042 non

254 3080 378 3160 audeo;
400 3101 518 3144 nomen
543 3083 627 3145 enirn
652 3082 903 3161 substantivum,
926 3102 942 3143 e
966 3103 1029 3164 quo
1052 3079 1195 3164 pendeat
1217 3083 1400 3165 genetivus,
1431 3080 1578 3164 intellegi
1599 3102 1696 3167 posse

253 3183 412 3269 probatur
445 3181 500 3246 illo
523 3176 728 3265 ἐπικούρησις
748 3183 861 3263 κακῶν,
885 3182 972 3267 quod
995 3205 1026 3267 p.
1049 3183 1090 3246 69
1121 3184 1224 3248 attuli.
1268 3183 1382 3268 Ipsum
1419 3191 1528 3248 autem
1565 3183 1697 3266 partici-

251 3287 341 3372 pium
379 3287 514 3370 eiusque
546 3287 817 3350 constructionem
851 3287 1033 3349 invenimus
1062 3284 1191 3350 duobus
1230 3284 1318 3350 loeis.
1367 3285 1445 3352 Eur.
1483 3284 1539 3350 Tr.
1579 3283 1697 3365 110516

250 3386 389 3472 legimus
411 3378 552 3449 Ἰλιόθεν
574 3374 628 3449 iias
647 3406 689 3466 με
712 3383 914 3469 πολύδακρυν
933 3392 938 3463 l
957 3381 1087 3450 Ἑλλάδι
1108 3387 1271 3467 λάτρευμα
1292 3385 1393 3466 γᾶθεν
1414 3382 1544 3469 ἐξορίζει
1578 3401 1609 3451 et
1636 3387 1695 3452 Ph.

256 3488 390 3554 1489192
420 3495 560 3572 φέρομαι
586 3485 689 3570 βάκχα
719 3489 931 3555 νεκύων...
962 3480 1166 3570 ἁγεμόνευμα
1200 3496 1342 3571 νεκροῖσι
1370 3487 1576 3572 πολύστονον,
1608 3488 1697 3575 quod

252 3591 429 3656 scholiasta
458 3591 638 3676 explicavit
668 3590 779 3655 verbis
810 3589 928 3675 ἑαυτὴν
955 3591 1036 3670 λέγει
1069 3591 1301 3676 προηγήτειραν
1335 3593 1400 3656 τῶν
1428 3593 1558 3674 νεκρῶν.
1612 3590 1696 3656 Aliis

252 3706 362 3760 autem
384 3693 464 3758 locis
485 3693 606 3776 legitur
628 3695 808 3778 genetivus,
837 3695 929 3759 velut
949 3695 996 3759 Io.
1021 3695 1111 3765 14718
1134 3702 1284 3777 γυναῖκες,
1311 3691 1409 3756 ἱστῶν
1440 3693 1504 3757 τῶν
1532 3689 1619 3773 ἐμῶν
1645 3693 1697 3756 καὶ

253 3798 396 3879 κερκίδος
418 3795 578 3875 δούλευμα
599 3796 725 3861 πιστόν.
770 3796 889 3861 Nescio
911 3809 1021 3862 tamen
1044 3821 1084 3862 an
1106 3819 1170 3861 non
1186 3798 1456 3877 forteacciderit,
1470 3795 1558 3882 qnod
1573 3805 1696 3860 utrum·

254 3922 318 3985 que
341 3921 459 3964 nomen
484 3922 503 3961 a
523 3899 627 3961 verbo
650 3885 836 3963 derivatum
853 3911 910 3981 est,
935 3923 952 3964 e
975 3922 1040 3985 quo
1063 3901 1209 3985 pendere
1232 3901 1315 3964 solet
1339 3900 1479 3982 dativus,
1501 3901 1547 3963 ita
1568 3911 1603 3965 ut
1619 3899 1696 3962 satis

252 4023 450 4086 cognoscere
483 4022 548 4065 non
579 4003 749 4085 possimne,
783 4015 891 4066 utrum
922 4003 954 4064 hi
984 4003 1087 4066 dativi
1116 4001 1158 4067 ab
1196 4005 1268 4087 ipso
1308 4002 1411 4066 verbo
1448 4015 1616 4086 regantur,
1655 4023 1696 4065 an

253 4104 416 4191 suppletis
445 4104 627 4190 participiis
659 4091 759 4166 ούσαν
791 4115 847 4169 ant
876 4093 959 4167 ούσα
991 4106 1088 4169 ethici
1118 4103 1332 4190 intellegendi
1365 4106 1429 4168 sint
1459 4106 1515 4190 qui
1545 4105 1697 4168 dicuntur

255 4209 367 4289 dativi,
399 4209 490 4270 euius
520 4229 598 4271 usus
628 4207 783 4292 exempla
813 4210 899 4273 inira
922 4209 1067 4274 aderam.
1121 4205 1234 4272 Omnis
1264 4206 1437 4271 tolleretur
1469 4206 1639 4288 dubitatio,
1670 4208 1696 4270 si

255 4333 284 4376 ε.
306 4333 338 4394 g.
363 4309 548 4392 legeremus
574 4308 640 4374 ullo
665 4310 738 4374 loco
761 4308 880 4393 ἵδρυμα
903 4311 1001 4374 πόλιν
1023 4321 1080 4375 ant
1102 4310 1206 4373 simile
1230 4309 1318 4395 quid.

365 4442 466 4532 Apud
494 4444 748 4532 Aristophanem
777 4450 810 4511 in
834 4449 960 4513 cantico
984 4447 1041 4512 Ec.
1072 4447 1136 4512 905
1165 4447 1259 4529 virgo
1289 4468 1388 4512 anum
1410 4457 1508 4510 vocat
1531 4447 1574 4530 τῷ
1595 4443 1695 4508 θανά-

252 4572 298 4633 τη
331 4547 470 4631 με’λημα,
502 4569 576 4612 cum
605 4561 717 4614 tamen
746 4550 867 4616 ibidem
898 4551 961 4616 973
990 4549 1183 4614 adulescens
1205 4551 1365 4633 virginem
1389 4571 1480 4614 suam
1502 4535 1698 4635 appelletd

252 4649 526 4733 χρυσοδαίδαλτον
548 4644 650 4730 ἐμὸν
670 4652 806 4736 μέλημα.
853 4654 929 4718 Alia
959 4664 1068 4717 autem
1091 4651 1243 4737 exempla
1277 4651 1365 4737 apud
1400 4653 1541 4715 comicos
1563 4671 1697 4734 prorsus

254 4757 383 4820 desunt.
