3796 5518
827 402 1019 466 ..9-

201 585 370 672 1Πριάμοιο
415 583 506 672 παρὰ
539 589 681 673 μνηστῇς
715 582 889 664 ἀλόχοισιν·
931 587 1076 671 κουράων
1108 581 1299 673 δ’ἑτέρωθεν
1334 588 1478 658 ἐναντίον
1512 591 1650 660 ἔνδοθεν

195 688 330 776 αὐλῆς.
357 743 364 757 .
390 744 408 772 .,
439 693 489 773 24,
515 690 615 773 lalus,
640 701 673 755 et
695 691 870 756 Passovius
905 692 939 756 in
972 693 1079 758 lexico
1111 717 1176 758 uon
1209 718 1316 781 pauca
1349 697 1503 782 exempla
1532 699 1650 765 similia

203 795 326 877 attulit,
349 791 502 876 1111111όρη
525 802 581 858 aut
602 788 747 878 θυγάτηρ
773 797 866 858 iuxta
888 800 965 863 παῖς
987 797 1128 880 positum
1159 804 1217 862 est.
1263 797 1294 861 A
1325 801 1495 882 tragoedia
1528 811 1648 883 autem,

202 919 289 982 quae
323 904 401 966 παῖς
433 894 536 960 libere
570 897 753 980 usurpabat
782 897 823 961 de
846 903 986 982 utroque
1010 921 1101 982 sexu,
1135 899 1188 963 1111
1221 923 1299 966 usus
1333 902 1458 966 alienus
1482 904 1553 986 fuit,
1587 907 1648 969 nisi

205 998 293 1084 quod
322 999 498 1084 Euripides
522 996 605 1061 dixit
627 1000 690 1063 An.
717 1000 778 1063 114
813 993 921 1082 πατήρ
954 1019 989 1062 τε
1018 1001 1154 1083 θυγατρὶ
1187 1010 1265 1072 παῖς
1300 1024 1335 1066 τε
1356 1004 1455 1088 μητρὶ
1486 999 1648 1089 μίχνυταη

206 1101 266 1186 Cy.
290 1115 399 1166 autem
423 1124 521 1164 versu
542 1102 606 1166 584
628 1095 748 1184 ’ἥδομαι
777 1102 815 1164 δέ
835 1123 904 1171 πως
927 1109 993 1174 τοῖς
1013 1106 1190 1167 παιδικοῖσι
1223 1105 1344 1183 μᾶλλον
1370 1099 1390 1190 ἢ
1419 1113 1487 1176 ταῖς
1515 1102 1650 1189 θήλεσιν

203 1215 304 1288 poeta
326 1203 500 1270 dictionem
525 1226 728 1267 communem
751 1215 883 1268 secutus
907 1216 964 1270 est.
1021 1206 1123 1271 Plura
1156 1208 1309 1292 exempla
1342 1210 1438 1273 huius
1473 1232 1551 1274 usus
1584 1232 1649 1274 non

178 1299 336 1370 ¹exstant
359 1304 448 1391 apud
471 1308 613 1391 tragicos
635 1315 768 1391 poetas;
806 1307 986 1392 Sophocles
1020 1307 1183 1393 Oedipum
1218 1310 1338 1375 liberos
1376 1334 1451 1376 suos
1486 1312 1650 1378 dicentem

203 1407 287 1474 facit
308 1411 497 1490 παρθένους
520 1419 553 1472 11
575 1410 688 1474 addito
712 1411 876 1475 adieetivo
899 1412 1017 1483 παῖδας
1038 1407 1176 1491 ἄρσενας
1198 1410 1268 1479 OT.
1295 1414 1443 1494 1459162.

306 1511 518 1597 Significatus
552 1511 608 1575 ille
643 1534 741 1598 quem
776 1519 851 1583 παῖς
884 1513 984 1579 habet
1019 1514 1107 1600 apud
1144 1519 1286 1580 comicos
1319 1517 1510 1602 principalis
1533 1517 1650 1581 111111

200 1616 362 1680 naturalis
384 1616 538 1701 idemque
562 1615 693 1679 duravit
715 1638 775 1700 per
798 1618 939 1684 saecula.
986 1617 1172 1702 Hesychius
1202 1621 1288 1682 111111
1319 1641 1436 1683 nomen
1463 1621 1510 1682 ita
1545 1619 1647 1704 expli-

206 1722 310 1784 cavit:
333 1721 398 1788 πᾶς
415 1714 434 1780 ό
449 1717 547 1800 φάσει
562 1713 629 1788 υἱὸς
652 1714 697 1782 ὤν
718 1740 810 1803 τινος,
832 1721 883 1783 καὶ
907 1715 926 1782 o‘
947 1723 986 1805 τῇ
1009 1715 1114 1804 ἡλικίη
1133 1726 1215 1800 νέος,
1238 1721 1290 1783 καὶ
1313 1713 1382 1783 ἀντὶ
1402 1719 1460 1784 τοῦ
1475 1722 1647 1801 παρθένος,

203 1817 354 1884 τάσσεται
376 1820 485 1884 δὲκαὶ
507 1816 564 1884 ἐπὶ
586 1820 643 1884 τοῦ
663 1819 787 1886 δούλου.
831 1817 901 1903 ἄρτι
924 1815 1076 1902 ἀκμάζων.
1122 1825 1248 1888 Deesse
1271 1826 1370 1906 igitur
1393 1825 1544 1888 videmus
1560 1821 1648 1906 apud

195 1947 280 1988 eum
302 1926 451 1989 notiones
474 1923 562 1988 filiae
586 1935 619 1988 et
641 1924 821 2010 puellulae,
844 1907 991 1990 additam
1015 1937 1123 1991 autem
1147 1927 1214 1994 filii.

307 2029 360 2092 Ex
382 2028 444 2092 1111
468 2029 606 2092 nominis
630 2028 719 2112 quod
741 2039 921 2093 tractamus
944 2052 1016 2112 usu,
1039 2052 1135 2115 quem
1174 2033 1387 2114 cognovimus
1418 2040 1485 2093 tam
1508 2028 1648 2092 liberum

194 2131 237 2194 'in
259 2130 430 2217 tragoedia
452 2142 586 2216 tamque
609 2129 736 2194 finitum
757 2133 790 2193 in
814 2132 983 2216 comoedia
1007 2153 1087 2212 esse,
1111 2134 1253 2216 primum
1284 2134 1433 2218 sequitur
1463 2133 1648 2197 differentia

207 2232 338 2297 illarum
368 2232 546 2296 verborum
580 2235 853 2312 coniunctionum,
889 2233 1007 2319 quibus
1041 2235 1189 2298 notiones
1223 2238 1370 2318 coniugis
1405 2243 1436 2299 et
1469 2235 1648 2297 liberorum

204 2334 532 2422 comprehenduntur.
578 2336 763 2418 Aeschylus
798 2339 882 2400 enim
915 2337 998 2401 dixit
1024 2337 1080 2402 Pe.
1108 2339 1170 2402 401
1205 2333 1416 2416 ἐλευθεροῦτε
1438 2335 1474 2398 δὲ
1495 2343 1647 2415 γυναῖκας,

206 2439 334 2512 παῖδας,
358 2461 422 2501 111
445 2439 544 2524 plane
561 2438 677 2503 eodem
692 2439 878 2523 significatu
900 2441 968 2504 sine
984 2440 1147 2523 particula
1163 2441 1224 2504 Ε11.
1244 2440 1326 2504 1028
1342 2439 1466 2501 παίδων
1482 2439 1647 2517 γυναικῶν.

203 2539 379 2626 Euripides
414 2543 544 2626 scripsit
575 2534 683 2622 ἠρώτα
710 2561 746 2602 τε
777 2539 818 2620 μὲ
848 2548 976 2620 γυναῖκα
995 2538 1117 2611 παῖδάς
1137 2532 1166 2603 τ’
1194 2542 1250 2606 ΙΤ.
1275 2543 1353 2622 665;
1381 2543 1510 2626 saepius
1540 2549 1649 2604 autem

202 2642 260 2708 ille
291 2644 475 2728 usurpabat
502 2649 607 2725 τέκνα,
636 2655 673 2706 11
702 2643 777 2707 Η11.
803 2644 895 2725 1215,
927 2643 999 2709 HF.
1027 2645 1107 2708 1316
1141 2657 1174 2708 11
1206 2645 1277 2709 1111
1310 2643 1465 2709 vocabuli
1499 2639 1650 2720 γυναικός

203 2768 322 2810 nomen
343 2739 462 2823 ἀλόχου
485 2747 557 2815 HF.
583 2747 675 2827 1062,
705 2747 763 2811 ΙΑ.
789 2748 859 2822 154,
880 2742 1041 2828 δάμαρτος
1063 2746 1133 2813 HF.
1159 2746 1231 2828 514,
1255 2749 1327 2828 104,
1352 2740 1476 2815 εὔνιδος
1494 2744 1551 2812 IA.
1574 2745 1646 2814 801.

205 2848 306 2934 Apud
343 2848 538 2934 Sophoclem
582 2849 720 2932 legimus
755 2849 909 2913 Herculis
943 2850 1168 2914 iusiurandum
1205 2851 1260 2914 Tr.
1300 2850 1399 2929 25011
1438 2839 1457 2932 ἦ
1490 2844 1554 2932 μην
1589 2844 1649 2910 τὸν

199 2946 379 3034 ἀγχιστῆρα
407 2949 503 3013 τοῦδε
530 2952 585 3013 τοῦ
617 2949 747 3020 πάθους
777 2950 832 3021 ξὺν
861 2950 956 3012 παιδὶ
986 2951 1039 3014 καὶ
1075 2951 1197 3030 γυναικὶ
1232 2947 1408 3015 δονλώσειν
1440 2945 1495 3026 ἔτι,
1529 2953 1649 3037 quoin

207 3076 306 3118 versu
328 3077 482 3119 numerus
503 3055 559 3120 ille
583 3057 678 3118 παιδί
697 3055 872 3120 collective
896 3078 993 3119 sensu
1017 3054 1124 3118 dictus
1152 3055 1249 3140 plane
1272 3054 1446 3138 singularis
1471 3065 1519 3118 est
1541 3074 1648 3137 neque

205 3156 336 3221 defendi
357 3168 466 3244 potest
481 3181 580 3224 versu
595 3159 773 3224 Homerico
797 3156 859 3223 Od.
883 3160 912 3239 9,
937 3159 998 3224 199
1021 3151 1134 3221 οὕνεκά
1156 3180 1213 3238 μιν
1236 3149 1293 3218 oda
1316 3156 1409 3218 παιδὶ
1429 3145 1649 3238 περισχόμεθ’

206 3251 265 3341 ἠδὲ
294 3264 425 3345 γυναικί,
455 3263 512 3326 ubi
543 3263 673 3326 codices
696 3261 857 3346 praebent
880 3265 982 3343 παισί,
1014 3263 1221 3344 grammatici
1250 3260 1353 3341 παιδί,
1374 3281 1481 3344 neque
1504 3259 1544 3322 de
1568 3267 1648 3342 quot

207 3361 319 3426 liberis
342 3376 461 3447 agatur
484 3367 562 3428 satis
585 3366 713 3430 scimus.
759 3364 792 3428 Si
817 3364 1019 3446 intellegitur
1052 3385 1135 3428 unus
1158 3363 1254 3446 filius,
1287 3362 1460 3447 singularis
1489 3383 1547 3424 suo
1574 3360 1647 3424 loeo

206 3474 263 3544 est,
287 3476 323 3530 ut
344 3467 396 3533 Αἰ.
422 3469 505 3533 1169
520 3463 677 3548 ’πάρεισιν
701 3461 817 3547 ἀνδρὸς
849 3466 945 3528 τοῦδε
966 3472 1044 3535 παῖς
1065 3486 1102 3528 τε
1123 3467 1174 3527 καὶ
1195 3462 1281 3548 γυνη,
1305 3466 1354 3530 Pl.
1384 3465 1466 3545 2503
1490 3465 1517 3526 si
1538 3474 1649 3526 autem

206 3590 360 3633 numerus
383 3580 472 3635 certo
497 3571 651 3635 definitus
673 3592 737 3635 non
761 3581 819 3650 est,
843 3570 1016 3652 singularis
1044 3568 1282 3654 repudiabatur
1316 3569 1350 3632 in
1383 3567 1441 3631 tali
1469 3567 1648 3630 verborum

92 3701 94 3706 ·
205 3673 444 3754 coniunctione,
467 3695 573 3758 neque
604 3683 693 3736 recte
717 3672 926 3736 Hermannus
960 3671 1045 3735 adl.
1081 3671 1313 3736 Germanicum
1346 3680 1495 3734 nostrum
1529 3665 1647 3750 ,Weib

205 3773 273 3836 und
295 3773 415 3857 Kind“,
440 3776 556 3840 similia
578 3779 612 3839 in
636 3776 912 3862 comparationem
935 3776 1078 3839 vocavit.
1123 3773 1197 3837 Non
1228 3773 1326 3836 modo
1358 3773 1476 3836 ceteris
1498 3771 1648 3835 omnibus

207 3898 288 3961 quos
311 3877 406 3940 attuli
427 3889 458 3940 et
481 3878 615 3941 afferam
645 3887 817 3962 poetarum
849 3877 929 3940 locis
962 3876 1121 3962 pluralem
1160 3875 1308 3959 legimus,
1345 3874 1402 3939 sed
1437 3876 1533 3938 etiam
1564 3894 1590 3934 e.
1615 3893 1646 3955 g.

210 3980 298 4062 apud
332 3979 505 4044 Platonem
540 3979 641 4064 Gorg.
665 3975 999 4063 511111υβερνητική
1022 4031 1028 4045 .
1054 4030 1060 4045 .
1086 4029 1093 4044 .
1116 3974 1248 4039 σώσασα
1269 3977 1322 4039 καὶ
1344 3969 1441 4039 αὐτὸν
1462 3975 1514 4037 καὶ
1529 3974 1649 4042 παῖδας

199 4072 494 4164 .κα1χρη’ματακαλ
519 4089 739 4161 γυναῖκα...
764 4080 823 4144 δύο
854 4074 997 4162 δραχμὰς
1020 4077 1178 4165 ἐπράξατο
1209 4090 1242 4144 et
1271 4080 1394 4144 ibidem
1421 4077 1523 4142 413Β
1553 4067 1649 4145 αὐτός

203 4199 242 4242 τε
263 4180 421 4265 λωβηθεὶς
443 4185 495 4247 καὶ
517 4179 592 4254 τοὺς
615 4183 729 4246 ἑαυτοῦ
762 4177 883 4246 ε’πιδών
918 4183 1036 4255 παῖδάς
1057 4204 1092 4246 τε
1125 4182 1176 4245 καὶ
1209 4189 1357 4264 γυναῖκα,
1390 4203 1498 4266 neque
1530 4179 1648 4244 similia

207 4285 297 4368 apud
319 4283 569 4372 Xenophontem
592 4311 667 4352 rara
691 4297 774 4352 sunt.
820 4286 1018 4352 Coniectura
1040 4291 1175 4349 παισί1
1200 4284 1356 4350 Turnebo
1386 4283 1557 4370 proposita
1589 4294 1646 4361 est,

202 4408 228 4450 a
250 4385 340 4451 nullo
363 4398 505 4474 recepta.
550 4391 604 4455 Ab
627 4390 689 4454 hoe
713 4412 775 4455 usu
796 4391 934 4454 nominis
957 4396 1041 4473 παῖς,
1065 4392 1121 4476 qui
1145 4399 1193 4452 est
1215 4387 1305 4476 apud
1322 4398 1461 4465 1111111,
1478 4385 1648 4450 comoedia

206 4489 362 4553 recedere
384 4490 538 4559 debebat.
583 4493 677 4558 Haec
700 4495 795 4576 enim,
827 4515 901 4556 eum
934 4499 1011 4562 παῖς
1045 4492 1150 4556 virilis
1184 4513 1281 4556 sexus
1320 4498 1406 4554 esset
1442 4510 1549 4574 neque
1585 4510 1646 4574 pro

204 4590 273 4656 filio
298 4601 520 4678 usurparetur,
544 4597 586 4660 ad
608 4595 698 4660 illam
720 4599 884 4660 notionem
910 4595 1116 4660 collectivam
1140 4605 1172 4658 et
1194 4615 1317 4678 genere
1348 4592 1568 4656 indistinctam
1593 4612 1647 4654 ex·

205 4693 412 4777 primendam
433 4699 543 4761 neutri
564 4700 694 4780 generis
715 4699 844 4762 nomine
867 4697 998 4760 παιδίον
1022 4698 1188 4777 utebatur,
1213 4697 1303 4782 quod
1319 4695 1566 4776 deminutivum,
1582 4715 1647 4780 quo

206 4797 323 4879 tragici
346 4820 480 4882 prorsus
501 4821 567 4864 non
589 4802 740 4883 egebant,
763 4800 852 4886 apud
875 4802 1016 4865 comicos
1048 4822 1114 4865 non
1137 4799 1243 4865 solum
1265 4820 1404 4885 parvum
1428 4817 1568 4883 puerum
1592 4797 1647 4861 vel
