3796 5518
818 407 1026 474 ..59-

200 591 274 658 Hoc
305 592 378 658 loeo
412 589 569 672 ἱδρύματα
597 615 661 658 non
692 611 763 659 esse
793 596 970 676 imagines,
991 617 1074 681 quae
1105 607 1154 660 est
1178 599 1338 661 sententia
1361 620 1424 663 non
1447 617 1647 682 paucorum,

200 695 361 780 probatur
383 694 493 760 verbis
516 717 600 781 quae
624 706 806 781 sequuntur
836 693 947 766 Πανός
975 693 1078 779 ἕδρας,
1109 699 1149 764 cf.
1181 700 1270 763 lonis
1301 721 1433 764 versum
1456 699 1520 764 492
1541 699 1654 769 modo.

201 810 387 861 tractatum.
432 796 608 881 Templum
628 809 747 866 autem
776 798 996 886 nympharum
1024 823 1087 864 non
1120 803 1246 865 exstitit
1275 823 1382 886 neque
1412 800 1452 865 de
1482 800 1550 866 ullo
1573 801 1642 866 alio

202 897 353 965 aedificio
382 902 415 965 in
445 899 601 966 honorem
632 923 745 965 earum
775 913 943 966 exstructo
954 904 977 978 ¹)
1008 904 1150 986 cogitare
1173 903 1260 976 licet.
1290 904 1378 989 quod
1402 903 1519 968 eodem
1543 925 1639 968 versu

201 1002 590 1087 insequenti'probatur,
623 1005 670 1066 ita
706 1017 741 1068 ut
775 1026 893 1068 nomen
924 1007 1054 1090 passive
1087 1005 1233 1086 intellegi
1267 1008 1397 1070 omniuo
1427 1027 1492 1070 non
1525 1008 1638 1090 possit.

203 1103 328 1190 Specus
350 1104 562 1190 accipiendus
585 1115 635 1168 est
657 1119 775 1170 natura
797 1105 950 1187 sactus2),
971 1106 1074 1188 locus,
1097 1130 1161 1192 quo
1184 1107 1349 1193 nymphae
1380 1109 1505 1172 versari
1534 1108 1641 1171 solent

199 1229 330 1293 quoque
347 1206 501 1272 coluntur
511 1207 545 1286 3).
584 1207 732 1272 Verbum
747 1218 856 1272 autem
879 1205 1049 1289 ἱδρύεσθαι
1069 1232 1130 1296 pro
1148 1233 1185 1275 eo
1203 1209 1292 1296 quod
1308 1220 1358 1274 est
1379 1211 1504 1274 versari
1520 1210 1654 1291 legitur„

201 1309 305 1394 Soph.
329 1309 385 1373 Tr.
408 1309 449 1374 68
470 1310 523 1370 καὶ
544 1308 609 1371 πού
631 1305 733 1380 κλύεις
753 1330 814 1391 νιν,
835 1315 957 1392 τέκνον,
981 1309 1137 1391 ἱδρῦσθαι
1157 1307 1277 1388 χθονός
1299 1311 1437 1398 aliisque
1459 1312 1549 1378 loeis.

309 1427 382 1492 Hoc
405 1428 611 1494 Baccharum
635 1427 707 1493 loeo
731 1441 857 1494 certum
880 1429 1096 1512 significatum
1123 1435 1246 1496 eruisse
1270 1430 1347 1495 mihi
1370 1429 1502 1513 videor;
1517 1432 1648 1516 eadem

200 1534 330 1597 ratione
354 1553 449 1612 agam
472 1532 505 1594 in
527 1531 709 1595 tractandis
732 1531 812 1595 locis
836 1532 1041 1616 Aeschyleis.
1086 1533 1151 1598 Hic
1175 1533 1259 1598 euim
1282 1533 1387 1598 tribus
1407 1533 1488 1597 locis
1510 1536 1655 1619 scripsit..

199 1632 288 1696 θεῶν
309 1628 475 1716 ἱδρύματα,
498 1654 637 1717 quorum
660 1636 724 1717 Ag.
748 1635 808 1698 351
874 1679 879 1686 ·
1269 1703 1273 1712 ,

533 1732 563 1797 εἰ
583 1727 612 1797 δ’
636 1720 671 1808 τό
694 1740 824 1816 σέβουσι
845 1733 922 1806 τούς
943 1737 1177 1814 πολισσούχους
1199 1733 1296 1808 θεούς

531 1832 605 1907 τούς
624 1841 681 1921 τῆς
702 1833 838 1923 ἁλούσης
860 1838 914 1923 γῆς
935 1841 1022 1904 θεῶν
1042 1836 1079 1903 θ’
1104 1837 1262 1924 ἱδρύματα

202 1953 235 2006 et
256 1943 378 2006 ibidem
400 1941 465 2008 532

593 2045 698 2125 βωμοὶ
719 2035 749 2105 δ’
773 2039 879 2106 ἄιστοι
900 2045 952 2106 καὶ
971 2043 1059 2108 θεῶν
1079 2041 1236 2123 ἱδρύματα

199 2147 368 2235 templum,
392 2146 577 2212 aedificium
601 2147 796 2231 intellegunt
819 2147 962 2212 editores
985 2162 1018 2212 et
1041 2150 1155 2229 critici,
1178 2148 1235 2213 Pe.
1259 2159 1369 2214 autem
1392 2150 1455 2216 813

547 2249 652 2328 βωμοὶ
675 2243 706 2309 δ’
728 2242 842 2328 ἄιστοι,
865 2247 1029 2328 δαιμόνων
1052 2243 1087 2314 θ’
1112 2248 1270 2330 ἱδρύματα

548 2349 710 2431 πρόρριζα
732 2346 860 2434 φύρδην
880 2345 1134 2434 ἐξανέστραπται
1155 2349 1292 2435 βάθραν

198 2458 366 2540 imagines,
390 2476 519 2540 semper
541 2456 642 2537 igitur
664 2475 762 2518 sensu
783 2455 929 2540 passivo.
981 2453 1149 2533 Quaerere
1185 2467 1293 2520 autem
1327 2455 1415 2538 licet,
1449 2472 1556 2524 utrum
1593 2455 1650 2520 his

199 2559 305 2625 tribus
329 2558 410 2623 loeis
433 2556 532 2622 aedes
555 2568 683 2620 rantum
707 2566 764 2620 aut
785 2558 943 2640 imagines
965 2557 1156 2641 intellegere
1180 2557 1369 2637 debeamus,
1401 2581 1442 2624 an
1465 2559 1580 2626 melius
1601 2559 1650 2623 de¹

198 2673 268 2726 toto
291 2659 415 2746 templo
440 2663 594 2739 (τέμενος)
619 2659 809 2740 cogitemus,
838 2660 870 2722 in
895 2680 959 2744 quo
996 2658 1145 2724 babitare
1179 2659 1233 2724 dei
1268 2659 1478 2746 putabantur,
1511 2663 1543 2726 in
1577 2682 1642 2747 quo

198 2776 305 2829 tamen
350 2764 465 2848 primis
509 2760 712 2847 temporibus
763 2783 870 2846 neque
914 2761 1099 2826 aedificium
1149 2785 1255 2848 neque
1305 2763 1514 2833 simulacrum
1562 2780 1645 2847 erat,

198 2866 290 2932 velut
331 2865 432 2950 Soph.
473 2863 528 2928 Tr.
566 2864 665 2938 23718
703 2863 842 2948 legimus
881 2859 960 2946 ἀκτή
997 2885 1044 2936 τις
1080 2859 1146 2928 ἔστ’
1194 2859 1332 2948 Εύβοιίς,
1382 2859 1452 2930 ἔνθ’
1506 2862 1651 2948 ὁρίζεται»

197 2960 325 3050 βωμούς
346 2967 421 3052 τέλη
443 2959 469 3029 τ’
494 2963 637 3048 ἔγκαρπα
665 2968 798 3050 Κηναίῳ
826 2969 898 3049 Διός
932 2969 961 3030 Θ
989 2967 1031 3032 48
1062 2964 1245 3050 Γάργαρον·
1278 2963 1360 3031 ἔνθα
1387 2967 1424 3034 δὲ
1453 2966 1483 3030 οἱ
1513 2974 1645 3047 τέμενος

197 3065 304 3151 βωμός
326 3091 364 3134 τε
383 3066 541 3155 duriam).
595 3069 688 3134 Haec
717 3091 792 3134 mea
820 3070 1058 3155 interpretandi
1094 3073 1179 3136 ratio
1216 3071 1308 3137 nulla
1340 3094 1477 3157 prorsus
1514 3094 1549 3135 re
1584 3073 1646 3135 im-

196 3187 374 3262 pugnatur,
417 3175 603 3240 defenditur
640 3185 750 3239 autem
795 3173 1029 3261 compluribus.
1099 3177 1151 3240 Ac
1186 3177 1328 3260 primum
1363 3174 1496 3262 quidem
1526 3194 1650 3238 moneo

202 3280 318 3345 eodem
364 3275 471 3356 modo,
528 3299 592 3363 quo
637 3275 809 3358 θακήματα
851 3275 933 3340 illud
976 3299 1076 3362 supra
1112 3289 1304 3352 tractatum,
1352 3275 1501 3344 omuibus
1552 3286 1646 3362 quat·

198 3395 274 3446 tuor
311 3381 392 3446 loeis
426 3401 508 3465 quos
543 3378 639 3443 attuli
672 3375 828 3460 ἱδρύματα
860 3381 1049 3462 genetivum
1083 3381 1144 3444 sibi
1181 3380 1378 3448 adiunxisse.
1434 3378 1502 3443 Ubi
1535 3389 1645 3444 autem

197 3505 321 3548 nomen
336 3482 419 3547 illud
434 3483 600 3567 passivum
620 3491 678 3561 est,
701 3480 796 3546 huius
818 3481 907 3546 modi
925 3485 1097 3566 genetivus
1120 3505 1250 3567 semper
1274 3482 1377 3562 deest,
1398 3484 1444 3548 ita
1466 3493 1503 3546 ut
1525 3481 1647 3562 ἵδρυμα

196 3586 285 3650 θεοῦ
306 3608 368 3671 pro
391 3583 516 3669 templo
541 3593 597 3647 aut
618 3586 760 3668 imagine
783 3584 836 3648 dei
859 3584 949 3649 nullo
973 3606 1084 3650 eorum
1107 3586 1266 3663 locorum,
1289 3605 1370 3673 quos
1385 3585 1547 3672 inspicere
1563 3585 1648 3650 mibi

197 3689 303 3770 licuit,
324 3689 515 3752 invenerim.
560 3685 742 3752 Genetivus
776 3688 862 3751 enim
895 3689 1035 3770 passivis
1068 3691 1102 3751 in
1121 3708 1167 3766 μοι
1204 3685 1335 3754 additus
1368 3687 1553 3752 subiectum
1588 3686 1644 3750 vel

196 3812 420 3878 possessorem
442 3792 488 3853 ita
511 3801 638 3854 tantum
662 3789 848 3870 significare
871 3788 965 3870 solet,
994 3802 1034 3868 ut
1053 3789 1139 3854 idem
1163 3791 1325 3875 significet
1348 3801 1516 3872 auctorem
1539 3783 1648 3869 (tna),

197 3894 290 3959 velut
318 3892 396 3966 «Hel.
430 3893 494 3956 242
517 3884 597 3959 Διός
621 3884 844 3970 ὑπαγκάλισμα
875 3887 996 3972 σεμνὸν
1021 3885 1120 3974 Ἥρα,
1143 3891 1201 3957 Ph.
1224 3893 1287 3964 803
1318 3888 1458 3972 λόχευμα
1479 3885 1647 3974 Ἰοκάστης

302 4116 324 4184 ¹)
343 4113 386 4167 De
405 4112 573 4183 nymphaeis
593 4113 652 4184 egit
671 4111 765 4164 Maass
788 4112 843 4165 Die
861 4117 1056 4184 tagesgoetter
1074 4129 1102 4183 p.
1120 4113 1155 4167 46
1174 4130 1235 4184 sqq.

304 4201 327 4274 ²)
344 4200 388 4256 Cf.
407 4199 534 4254 Roscher
553 4199 674 4270 Mythol.
693 4197 761 4255 Lex.
781 4197 825 4252 lII
845 4201 948 4267 1,510.

305 4288 327 4360 3)
346 4287 493 4352 Quomodo
512 4286 619 4355 Fixius,
638 4288 687 4358 qui
707 4285 802 4356 „loca‘⁴
821 4287 917 4354 vertit,
936 4286 972 4339 ad
991 4286 1020 4356 id
1039 4286 1200 4356 pervenerit
1218 4285 1323 4342 nescio.

305 4376 327 4449 ⁴)
346 4373 390 4435 Of,
409 4373 517 4428 Gallim.
530 4375 556 4443 3,
567 4375 627 4440 3718
646 4377 695 4426 καὶ
714 4372 741 4426 ἐν
753 4373 1002 4446 πάσησινιὲοονται
1017 4367 1179 4448 Ἀρτέμιδος
1197 4372 1287 4442 βωμοί
1306 4390 1334 4424 τι
1353 4377 1401 4424 και
1422 4367 1517 4426 ἄλσεα.
1537 4370 1647 4428 Herod.

199 4466 224 4526 1,
244 4464 292 4519 131
313 4459 384 4513 dicit
397 4459 551 4515 dePersis:
570 4459 725 4531 ἀγάλματα
744 4467 792 4532 μὲν
810 4465 858 4514 καὶ
876 4456 1026 4525 νηούς’κα“ι
1043 4455 1155 4526 βωμούς
1174 4459 1226 4516 οὐκ
1244 4459 1271 4512 ἐν
1289 4458 1365 4530 νόμῳ
1376 4451 1552 4528 ποιευμένους
1570 4453 1645 4534 λδρύ·

199 4548 281 4604 εσθαι
300 4589 306 4601 .
327 4592 332 4605 .
352 4590 370 4614 ,,
389 4547 425 4613 αἱς
448 4555 495 4618 μὲν
520 4548 581 4619 ἐμοὶ
607 4545 705 4617 δοκεῖν,
729 4541 775 4602 ότι
800 4548 851 4603 οὐκ
877 4547 1100 4625 ἀνθρωποφυέας
1127 4544 1258 4618 ἐνόμισαν
1281 4542 1351 4612 τούς
1378 4540 1461 4610 θεούς
1478 4543 1599 4620 κατάπερ
1619 4555 1646 4606 οῖ

193 4628 327 4701 Ἕλληνες
344 4629 423 4691 εἶναι.
459 4634 528 4689 Tac.
548 4635 642 4690 Germ.
661 4637 690 4690 9:
710 4641 834 4689 ceterum
852 4651 905 4688 nec
931 4633 1063 4688 cohibere
1091 4633 1249 4703 parietlbus
1280 4633 1348 4686 deos
1379 4649 1471 4703 neque
1498 4631 1527 4683 in
1557 4631 1645 4684 ullam

199 4721 315 4776 humani
334 4722 391 4775 oris
410 4721 533 4792 speeiem
552 4720 724 4776 adsimulare
738 4739 772 4775 ex
784 4720 980 4792 magnitudine
993 4719 1156 4774 caelestium
1172 4719 1364 4778 arbitrantur:
1383 4719 1463 4774 lucos
1482 4725 1510 4772 et
1528 4734 1646 4772 nemora

201 4814 392 4866 consecrant,¹
414 4807 457 4865 cf.
477 4822 601 4878 eaquae
621 4808 696 4862 infra
716 4826 738 4864 s.
757 4826 783 4868 v.
804 4804 921 4879 ἄγαλμα
940 4807 1041 4863 dicam.
