3796 5518
827 425 1038 490 ..63-

203 613 583 701 Ι1111111101111111111111111111
613 603 811 691 ἀγάλλεσθαι
846 605 1070 691 1011111160
1104 613 1355 696 explicationem
1393 611 1481 676 illam
1516 614 1655 678 nominis

211 717 353 798 ductam,
384 716 603 797 0110101060,
637 714 719 778 illud
754 718 787 778 in
824 713 931 779 Iliade
960 737 1024 778 non
1066 715 1238 799 usurpavit
1271 716 1331 778 nisi
1366 719 1399 778 Δ
1423 715 1482 779 144
1515 712 1655 798 παρήιον

209 813 350 898 ἔμμεναι
371 816 485 880 ἵππιον
508 867 515 882 .
539 867 546 883 .
572 814 729 899 ,βασιλῆι
762 815 799 880 δὲ
837 821 937 879 asiana
969 810 1104 897 ἄγαλμα,
1141 819 1173 880 in
1208 813 1359 902 Odyssea
1395 827 1504 882 autem
1527 830 1654 902 septem

217 922 357 1007 praebet
380 922 532 1007 exempla
566 922 677 986 similis
719 921 931 1005 significatus,
966 942 1038 986 oum
1074 933 1184 985 tamen
1217 918 1308 984 nullo
1346 918 1417 983 loco
1455 913 1578 998 ἄγαλμα
1614 924 1655 986 sit

216 1025 352 1090 deorum
376 1024 595 1090 simulacrum.
641 1023 821 1108 Principali
850 1022 968 1088 deinde
1003 1025 1035 1086 vi
1069 1025 1191 1088 1110111111
1226 1031 1285 1101 est,
1321 1032 1358 1086 ut
1392 1023 1478 1108 apud
1511 1024 1656 1106 tragicos

206 1140 328 1214 poetas
351 1120 583 1204 essetriyutpa
598 1141 825 1190 ornamentum
849 1147 876 1192 e.
899 1147 930 1207 g.
953 1125 1064 1210 capilli
1091 1126 1169 1192 Eur.
1197 1125 1249 1191 El.
1279 1124 1338 1189 871
1374 1125 1473 1206 κόμης
1501 1116 1654 1201 ἀγάλματ’

210 1223 429 1312 ἐξενέγκωμαι,
452 1227 551 1310 φίλαι,
574 1228 722 1293 similiter
737 1229 821 1309 8733
844 1229 1032 1312 nuptiarum
1049 1227 1123 1293 Hel.
1143 1228 1224 1292 1433
1239 1232 1352 1308 φέρειν
1368 1221 1477 1306 γάμων
1505 1219 1654 1305 ἀγάλμαί

211 1329 321 1399 οἴκους
343 1327 389 1400 εἰς
411 1326 521 1410 ἐμούς
549 1325 653 1399 πόνος
675 1338 761 1394 esset
782 1323 909 1409 ἄγαλμα
931 1331 1022 1394 urbis
1056 1329 1192 1395 alicuius
1230 1329 1284 1395 Su.
1308 1330 1382 1407 373,
1413 1330 1561 1394 similiter
1583 1330 1654 1399 HF.

209 1433 287 1500 358.
348 1433 418 1497 Ara
449 1441 559 1496 autem
595 1433 780 1496 certaminis
812 1434 1003 1496 memoriam
1038 1440 1176 1496 revocat
1208 1430 1280 1496 HF.
1317 1433 1375 1512 493
1411 1432 1528 1510 δρόμος
1562 1446 1656 1500 ornat

208 1538 320 1600 virum
343 1535 415 1600 HF.
440 1536 518 1616 4253
541 1534 645 1616 gloria
668 1538 770 1620 patris
803 1528 928 1611 ἄγαλμα
963 1545 1011 1598 est
1045 1533 1224 1599 liberorum
1259 1533 1359 1618 Sopb.
1397 1535 1557 1602 1111701.
1605 1537 1655 1600 De

214 1638 396 1702 hominibus
435 1638 532 1701 etiam
575 1638 798 1722 usurpabatur
845 1631 978 1715 ἄγαλμα.
1038 1635 1152 1701 Liberi
1186 1648 1261 1702 sunt
1293 1629 1415 1716 ἄγαλμα
1446 1637 1561 1704 domus
1592 1641 1654 1724 Ag.

211 1742 287 1822 218,
310 1742 372 1804 viri
395 1741 521 1826 patriae
546 1739 618 1806 Hel.
641 1740 721 1821 2063
744 1739 831 1804 filiae
856 1752 930 1804 sunt
965 1742 1099 1822 Νηρέως
1127 1733 1294 1818 ἄγ’λματσ
1326 1738 1382 1805 ΙΤ.
1413 1741 1487 1821 273,
1516 1740 1656 1822 desides,

209 1847 269 1928 ·qui
293 1844 325 1905 in
348 1844 421 1906 foro
444 1851 625 1921 versantur,
657 1850 732 1905 sunt
754 1843 824 1906 eius
847 1835 1010 1920 ἀγάλματα
1045 1841 1095 1905 El.
1131 1839 1204 1920 3118,
1240 1862 1338 1925 quem
1375 1843 1482 1907 locum
1511 1845 1656 1908 imitatus

212 1959 264 2008 est
301 1943 493 2028 Metagenes
530 1947 675 2009 comicus
708 1943 747 2010 fr.
788 1946 827 2008 10
867 1944 1033 2028 Lyconem
1070 1943 1162 2008 illum
1200 1935 1321 2025 ἀγορᾶς
1359 1939 1484 2024 ἄγαλμα
1523 1969 1655 2014 vocans.

210 2046 390 2112 sollemnis
420 2057 528 2111 autem
559 2059 591 2110 et
618 2047 772 2131 frequens
799 2062 847 2110 est
877 2045 1078 2131 significatus
1109 2047 1246 2110 deorum
1276 2047 1451 2127 simulacri,
1481 2050 1572 2118 velut
1603 2051 1655 2114 Se.

210 2151 286 2232 244,
309 2149 382 2230 251,
407 2148 476 2214 OT.
496 2150 587 2231 1379,
609 2149 666 2214 lT.
686 2151 737 2229 87,
762 2150 854 2229 1316,
877 2149 930 2212 Hi.
947 2150 1006 2213 116
1031 2148 1169 2233 aliisque
1192 2148 1273 2214 locis
1288 2149 1470 2234 permultis.
1512 2145 1658 2230 Ἄγσλμα

215 2254 303 2316 enim
327 2250 360 2314 id
384 2265 443 2331 est,
466 2252 553 2338 quod
577 2252 679 2336 magis
703 2274 801 2337 quam
823 2250 983 2338 templum
1007 2264 1040 2314 et
1063 2250 1147 2314 aliae
1177 2273 1229 2314 res
1263 2273 1377 2316 sacrae
1398 2252 1494 2317 deum
1519 2253 1656 2318 honorat

207 2365 245 2418 et
270 2365 374 2421 ornat.
421 2353 534 2420 Simile
557 2370 664 2420 autem
689 2355 752 2434 dei,
775 2357 830 2440 qui
855 2377 892 2419 eo
920 2355 1106 2435 ornabatur,
1138 2349 1263 2433 ἄγαλμα
1296 2375 1366 2417 esse
1402 2351 1509 2438 neque
1545 2356 1657 2421 debuit

211 2480 320 2543 neque
343 2458 461 2542 potuit,
484 2480 557 2522 oum
580 2459 693 2544 primis
715 2457 779 2520 illis
802 2456 1006 2540 temporibus
1029 2473 1154 2520 certum
1186 2457 1370 2541 exemplum
1399 2457 1536 2521 deorum
1558 2459 1665 2540 faciei·

209 2577 247 2624 et
270 2558 395 2644 figurae
419 2563 628 2624 constitutum
655 2562 783 2622 omnino
807 2581 870 2624 non
895 2569 990 2640 esset,
1014 2561 1061 2623 ita
1082 2571 1118 2623 ut
1141 2559 1265 2623 idolum
1288 2559 1380 2639 illud,
1403 2559 1443 2622 de
1466 2581 1530 2645 quo
1547 2563 1655 2643 agitur

211 2664 243 2725 in
266 2663 322 2727 IT.
346 2662 468 2743 fabula,
506 2661 634 2726 Dianae
668 2655 789 2739 ἄγαλμα
824 2672 909 2726 esset
922 2662 956 2738 ¹).
1003 2661 1159 2726 Homines
1198 2672 1307 2726 autem
1340 2661 1460 2727 similas
1496 2662 1653 2747 effingere

213 2765 391 2829 studebant
427 2764 580 2842 artifices,
627 2786 692 2849 qua
729 2764 769 2829 de
807 2786 907 2829 causa
943 2786 1055 2828 eorum
1095 2766 1254 2847 imagines
1289 2765 1493 2832 venabantur
1526 2763 1654 2836 εἰκόνες.

212 2867 333 2931 Postea
356 2878 475 2947 autem,
504 2888 577 2930 oum
608 2875 699 2931 certa
732 2868 839 2952 imago
874 2869 969 2930 unius
1001 2869 1159 2952 cuiusque
1193 2867 1329 2931 deorum
1366 2875 1526 2953 concepta
1559 2883 1653 2951 esset,

211 2991 393 3054 omnesque
426 2991 496 3032 eam
526 2970 701 3052 imaginem
731 2981 954 3054 sequerentur,
991 2969 1037 3033 ita
1073 2991 1109 3032 111
1130 2971 1203 3053 ipsa
1236 2961 1400 3048 ἀγάλμσια
1432 2972 1549 3035 similia
1583 2994 1654 3038 esse

210 3073 402 3157 inciperent,
427 3071 550 3134 factum
574 3080 632 3152 est,
654 3085 691 3135 ut
714 3071 915 3157 significatus
944 3065 1152 3158 principalis
1173 3074 1338 3135 nominum
1361 3065 1486 3151 ἄγαλμα
1509 3085 1540 3138 et
1563 3071 1654 3136 εἰκών

207 3173 459 3240 oblitteraretur
483 3183 516 3238 et
539 3186 714 3259 utrumque
744 3176 785 3238 de
820 3174 955 3240 deorum
989 3175 1221 3260 hominumque
1254 3173 1437 3239 simulacris
1469 3178 1654 3263 promiscue

210 3286 438 3361 usurparetur,
462 3277 581 3361 quain
604 3298 640 3340 re
670 3299 799 3363 semper
828 3291 937 3341 tamen
974 3277 1153 3342 tenendum
1191 3285 1241 3340 est
1276 3268 1437 3356 ἀγάλματα
1471 3282 1573 3362 magis
1611 3280 1654 3345 ad

213 3379 421 3443 honorandos
445 3379 589 3442 homines
613 3381 700 3444 facta
738 3379 852 3460 essai),
887 3377 1007 3449 εἰκόνας
1042 3381 1086 3444 ad
1121 3378 1362 3444 similitudinem
1397 3380 1653 3468 exprimendam.

212 3483 260 3547 Ut
282 3477 404 3562 ἄγαλμα
425 3481 463 3545 fit
486 3478 586 3560 sinain,
621 3483 667 3546 sic
697 3477 788 3544 εἰκών
821 3483 859 3546 fit
888 3477 1020 3561 ἄγαλμα.
1068 3483 1175 3547 Huius
1198 3504 1276 3546 usus
1307 3483 1493 3569 exemplum
1515 3484 1654 3570 praebet

212 3584 398 3670 Euripides,
432 3587 488 3670 qui
521 3585 559 3650 fr.
595 3587 656 3649 125
689 3586 779 3649 dieit'
809 3591 977 3664 mundanos
1013 3577 1042 3646 δ’
1077 3583 1149 3646 εἰκώ
1183 3605 1285 3649 τινα.
1310 3637 1317 3651 .
1342 3637 1348 3652 ,
1396 3585 1497 3666 σοφῆς
1529 3579 1655 3664 ἄγαλμα

206 3695 318 3770 χειρός
351 3689 446 3769 (vidit
479 3689 604 3754 scilicet
632 3688 794 3770 Perseus),
825 3691 846 3755 i.
879 3709 904 3752 e.
938 3688 1018 3754 vidit
1047 3688 1258 3753 simulacrum
1287 3689 1422 3772 virginis
1457 3697 1489 3750 et
1522 3688 1654 3772 quidem

214 3794 345 3873 bonum,
376 3814 440 3877 quo
463 3794 582 3877 peritia
605 3791 739 3855 artificis
762 3790 933 3877 probatur.
979 3791 1103 3856 Eodem
1136 3789 1232 3856 modo
1263 3791 1356 3856 Plato
1389 3800 1488 3855 vocat
1519 3790 1654 3855 deorum

214 3895 389 3960 simulacra
425 3891 558 3974 εἰκόνας,
594 3917 679 3980 quae
713 3906 880 3979 ponuntur
915 3891 960 3963 εἰς
992 3890 1029 3956 τὸ
1057 3887 1206 3972 ἀγάλλειν
1237 3894 1344 3970 θεούς,
1381 3893 1444 3977 leg.
1481 3895 1528 3971 11,
1564 3893 1654 3957 9311

212 3991 284 4065 σούς
319 3995 379 4074 μὲν
415 3993 475 4075 γὰρ
512 3996 574 4059 τῶν
610 3994 698 4059 θεῶν
737 3989 873 4072 ὁρῶντες
913 3998 1024 4076 σαφῶς
1060 3996 1209 4075 τιμῶμεν,
1246 3998 1310 4059 τῶν
1348 3985 1379 4057 δ’
1406 3993 1529 4064 εἰκόνας
1558 3988 1655 4073 ἀγάλ-

211 4118 296 4178 ματα
317 4097 537 4179 ἱδρυσάμενοι,
559 4095 613 4169 οὓς
636 4095 711 4182 ἡμῖν
733 4093 905 4178 ἀγάλλουσι
928 4103 1045 4178 καίπερ
1068 4094 1213 4180 ἀψύχους
1228 4093 1321 4167 ὄντας
1336 4095 1472 4168 ἐκείνους
1494 4091 1655 4178 ἡγούμεθα

213 4193 284 4270 τοὺς
306 4197 473 4284 ἐμψύχους
494 4201 591 4270 θεοὺς
611 4195 732 4286 πολλὴν
754 4196 810 4264 διὰ
832 4195 920 4262 ταῦτ’
936 4196 1062 4264 εὔνοιαν
1082 4202 1135 4263 καὶ
1148 4199 1241 4283 χάριν
1256 4197 1347 4278 ἔχειν.
1392 4201 1521 4264 Primus
1536 4209 1654 4277 autem,

209 4317 373 4390 quantum
397 4306 505 4384 video,
526 4304 688 4370 Pindarus
711 4306 743 4369 in
768 4304 981 4369 celeberrimo
1013 4305 1071 4369 illo
1095 4306 1230 4369 exordio
1260 4306 1410 4368 carminis
1438 4303 1478 4366 N.
1502 4304 1522 4368 5
1551 4293 1655 4381 άυδρι-

208 4409 307 4478 σὶνιοις
328 4409 460 4471 vocavit
481 4397 652 4484 ἀγάλματα.
707 4406 884 4471 Hominum
918 4416 1026 4470 autam
1061 4401 1186 4486 ἄγαλμα
1222 4420 1373 4491 spectare
1405 4408 1582 4491 praecipue
1612 4402 1654 4467 ad

213 4508 500 4595 pulchritudinem,
522 4531 587 4574 11011
609 4508 650 4574 ad
674 4509 928 4588 similitudinem,
953 4511 1074 4595 optime
1099 4509 1257 4594 probatur
1272 4511 1360 4590 locis,
1376 4510 1467 4573 velut
1482 4507 1563 4572 Hec.
1580 4506 1655 4588 560,

258 4631 327 4636 ...---
343 4631 399 4636 —.
409 4631 524 4638 ———

318 4673 341 4745 ¹)
356 4675 399 4730 Of.
412 4676 552 4730 Herodoti
566 4681 594 4730 at
606 4676 700 4730 Taciti
713 4676 799 4745 locos,
812 4695 882 4747 quos
903 4694 924 4731 a.
938 4695 964 4730 v.
983 4671 1123 4753 ἱδρύματα
1144 4679 1236 4732 attuli.
1262 4678 1348 4748 Apud
1360 4677 1513 4731 Homerum
1532 4675 1654 4744 nomina,

209 4779 287 4833 quae
306 4763 421 4818 deorum
441 4766 591 4819 simulacra
610 4765 783 4836 significant,
804 4767 917 4820 omnino
936 4783 1001 4819 rara
1020 4774 1094 4821 sunt.

320 4853 341 4924 ²¹)
361 4853 406 4906 lta
424 4859 455 4907 ut
474 4863 601 4906 nostrum
621 4852 761 4912 denkmal.
