3796 5518
791 399 999 462 -ῃ-

180 595 265 654 sunt.
296 585 397 672 Apud
420 587 561 650 comicos
585 606 699 649 servus
722 591 862 649 vocatur
882 606 978 670 puer,
999 607 1066 650 non
1088 583 1186 651 filius.
1223 584 1255 648 A
1276 583 1449 668 tragoedia
1470 583 1523 648 hic
1541 607 1625 650 usus

178 700 216 756 ut
245 690 313 755 dixi
345 687 593 775 repudiabatur,
624 709 698 751 cum
728 688 758 751 ei
789 688 876 756 παῖς
906 697 963 751 aut
984 690 1055 773 ipse
1079 686 1166 751 filius
1189 695 1274 751 esset
1297 698 1364 770 aut,
1386 691 1412 752 si
1434 710 1495 774 pro
1516 709 1625 774 puero

183 789 417 878 usurpabatur,
441 791 541 854 comis
565 799 598 852 et
620 788 790 853 familiaris
813 789 970 854 allocutio
987 797 1082 871 esset,
1098 811 1183 875 quae
1198 811 1263 854 non
1275 789 1393 855 idonea
1405 792 1433 854 ei
1445 788 1621 856 videbatur

182 897 224 962 ad
243 917 356 960 servos
377 891 554 973 vocandos,
587 894 740 976 quisunt
771 889 885 971 δμῶες,
913 887 1087 975 πρόπολοι,
1120 893 1190 956 sim.
1235 890 1342 957 Semel
1372 890 1503 977 quidem
1532 890 1622 978 apud

179 997 434 1085 Lycophronem
456 995 595 1078 legimus
617 993 656 1058 fr.
680 995 700 1058 2
723 984 803 1056 ἀλλὰ
824 993 963 1057 κυλίκιον
982 989 1097 1073 ὑδαρὲς
1119 989 1137 1056 ὁ
1161 999 1237 1060 παῖς
1258 995 1395 1077 περιῆγε
1415 995 1472 1056 τοῦ
1493 1013 1625 1056 πεντω-

178 1096 288 1181 βόλου,
311 1099 369 1164 sed
388 1098 469 1162 haec
484 1094 588 1160 verba
606 1119 624 1160 e
641 1096 755 1161 fabula
772 1100 915 1181 satyrica
933 1108 1062 1182 sumpta
1078 1110 1160 1164 sunt.
1198 1095 1297 1177 Quod
1313 1104 1422 1161 autem
1437 1096 1621 1181 Aeschylus

179 1203 311 1287 scripsit
333 1199 392 1267 Oh.
416 1199 546 1280 649s50,
570 1197 626 1263 ubi
643 1198 777 1264 Orestes
800 1199 915 1284 palatii
936 1199 1026 1263 foras
1043 1200 1161 1286 pulsat,
1183 1199 1336 1283 notaui,
1358 1198 1463 1280 θόρας
1484 1193 1622 1261 ἄκουσον

177 1302 297 1384 ἑρκείας
318 1299 449 1368 κτύπον.
493 1304 541 1371 τίς
569 1295 675 1384 ἔνδον,
709 1285 735 1363 ui
765 1307 830 1364 παῖ
859 1307 930 1374 παῖ,
950 1296 1025 1386 μαλ’
1049 1286 1152 1374 αὖθις,
1187 1295 1222 1362 έν
1245 1297 1375 1384 δόμοις,
1398 1302 1447 1366 his
1470 1302 1622 1366 versibus

178 1416 278 1495 poeta
300 1405 447 1470 consulto
469 1427 535 1470 non
558 1405 654 1470 aliter
677 1414 776 1491 atque
798 1405 875 1487 illis,
897 1405 1015 1491 quibus
1038 1406 1148 1470 nutrix
1178 1406 1211 1468 in
1234 1427 1353 1470 scaena
1377 1407 1455 1489 agit,
1479 1403 1620 1469 dictione

180 1510 365 1574 remissiore
388 1530 466 1573 usus
487 1518 547 1587 est,
570 1507 658 1594 quod
681 1507 767 1572 idem
797 1509 957 1593 probatur
987 1508 1175 1593 alloquendi
1208 1507 1347 1572 formula
1378 1507 1437 1571 illa
1468 1512 1533 1569 παῖ
1550 1511 1627 1587 παῖ,

183 1613 224 1678 de
248 1634 314 1698 qua
335 1611 421 1676 infra
443 1610 546 1676 verba
572 1613 701 1676 faciam.
746 1611 838 1675 Haec
870 1610 934 1675 duo
965 1621 1039 1676 sunt
1062 1625 1150 1675 certa
1172 1611 1326 1696 exempla
1346 1610 1484 1675 nominis
1506 1604 1624 1677 παιδός

179 1738 240 1803 pro
263 1737 359 1780 servo
383 1715 532 1800 usurpati
555 1739 574 1779 a
598 1717 748 1800 tragicis;
771 1718 902 1780 tertium
925 1723 1046 1795 autem,
1069 1713 1159 1800 quod
1182 1713 1338 1779 traditum
1364 1720 1422 1792 est,
1438 1711 1621 1775 eiciendum
1684 1770 1687 1778 .

181 1841 252 1884 esse
277 1817 520 1883 demonstrabo.
566 1817 668 1904 Apud
692 1808 995 1904 Sophoclem'enim
1019 1819 1167 1882 nuntiata
1198 1823 1302 1880 morte
1325 1813 1512 1899 Eurydioae
1536 1810 1623 1877 Oreo

186 1920 352 1986 exclamat
376 1918 439 1986 An.
465 1921 547 1984 1286
567 1941 638 2004 sqq.

542 2059 567 2132 ὦ
590 2066 782 2150 κακάγγελτά
802 2093 860 2151 μοι

538 2181 741 2256 προπέμψας
762 2170 832 2260 ἄχη,
856 2177 928 2237 τίνα
949 2176 1058 2255 θροεῖς
1078 2171 1195 2258 λόγον,

541 2275 616 2358 αἰαῖ,
641 2268 772 2339 ὀλωλότ’
795 2268 884 2359 ἄνδρ’
908 2273 1132 2356 ἐπεξειργάσω.

438 2380 519 2446 1289
543 2383 577 2442 τί
597 2376 668 2463 φής,
692 2365 716 2440 ui
738 2386 808 2445 παῖ.
831 2385 904 2441 τίνα
921 2380 1022 2457 λέγεις
1043 2401 1100 2457 μοι
1121 2384 1195 2442 νέον
1216 2375 1313 2457 λόγον
1375 2370 1381 2382 '

538 2480 607 2545 αἰαῖ
627 2479 702 2566 αἰαῖ,

540 2581 675 2666 σφάγιον
698 2577 752 2648 ἐπ’
775 2577 899 2670 ὀλέθρῳ

536 2695 712 2768 γυναικεῖον
733 2683 950 2771 ἀμφικεῖσθαι
972 2687 1095 2774 μόρον,

287 2843 430 2908 Versum
455 2843 536 2909 1289
559 2865 624 2906 non
647 2842 849 2929 respondere
881 2843 1030 2908 videmus
1060 2843 1104 2909 ad
1130 2844 1285 2930 strophae
1315 2863 1446 2906 versum
1478 2839 1560 2904 1266
1582 2833 1625 2900 id>

180 2951 249 3028 παῖ,
273 2949 341 3014 νέος
362 2949 422 3028 νέῳ
444 2941 499 3016 ξὺν
519 2943 621 3029 μόρῳ,
646 2947 702 3031 qui
725 2967 822 3010 sanus
846 2955 904 3012 est.
949 2945 1149 3033 Corruptela
1171 2948 1272 3030 igitur
1301 2942 1493 3031 quaerenda
1517 2944 1620 3005 estin

181 3071 220 3113 eo
241 3070 350 3130 versu,
373 3071 470 3134 quem
493 3057 682 3114 tractamus.
727 3047 779 3112 Ac
801 3051 943 3132 primum
965 3049 1097 3135 quidem
1132 3050 1315 3114 eiciendum
1346 3070 1415 3111 esse
1445 3041 1542 3124 λόγον
1564 3067 1620 3130 ap·

179 3159 284 3236 paret,
307 3151 394 3238 quod
418 3155 487 3216 sine
511 3151 611 3215 dubio
635 3174 678 3216 ex
701 3153 748 3216 eia
770 3174 855 3237 quae
877 3154 1082 3239 praecedunt
1102 3155 1174 3214 τίνα
1205 3154 1318 3233 θροεῖς
1343 3146 1437 3228 λόγον
1473 3151 1620 3232 inrepsit.

180 3254 251 3318 Iam
284 3255 311 3318 si
343 3254 443 3334 λέγεις
473 3276 529 3333 μοι
548 3255 621 3317 νέον
658 3253 798 3319 alterum
829 3253 1014 3319 dochmium
1049 3256 1237 3339 accipimus,
1268 3254 1425 3318 offensam
1460 3252 1622 3336 praebent

180 3356 284 3421 verba
306 3380 391 3443 quae
413 3370 488 3422 sunt
510 3361 547 3419 τί
566 3354 641 3441 φής,
664 3344 689 3416 ὦ
713 3362 784 3436 παῖ,
806 3359 885 3420 τίνα.
930 3357 969 3421 ln
985 3366 1140 3442 promptu
1155 3365 1265 3421 autem
1288 3379 1358 3420 esse
1383 3355 1523 3436 videtur,
1546 3375 1622 3418 cum

179 3459 255 3524 talis
279 3461 320 3523 sit
343 3482 456 3526 sensus
479 3461 580 3524 totius
603 3460 676 3541 loci,
701 3481 820 3544 aroge
851 3458 1052 3524 lamentante
1079 3482 1185 3545 aeque
1215 3481 1253 3524 uc
1284 3480 1384 3522 versu
1407 3458 1490 3524 1266
1520 3456 1626 3519 παῖδα

180 3563 342 3626 neminem
364 3565 476 3628 vocari
499 3585 594 3648 posse
617 3564 678 3626 nisi
700 3560 813 3628 filium.
857 3561 941 3627 Creo
967 3564 1096 3628 omnino
1119 3584 1184 3626 non
1207 3560 1354 3643 haberet,
1378 3559 1466 3645 quod
1495 3560 1622 3624 tristem

181 3664 274 3730 illum
297 3667 455 3748 nuntium,
481 3688 578 3752 quem
600 3667 665 3729 iam
687 3686 719 3730 v.
745 3665 827 3729 1286
853 3665 1013 3730 allocutus
1036 3675 1097 3746 est,
1120 3667 1238 3728 iterum
1268 3675 1300 3727 et
1329 3663 1461 3749 quidem
1483 3660 1621 3725 familia·

179 3768 260 3831 riter
281 3773 346 3829 παῖ
366 3767 558 3854 appellaret,
582 3768 670 3853 quod
703 3767 838 3832 Iebbius
860 3767 945 3832 adl.
969 3776 1072 3852 putat,
1102 3766 1159 3830 illo
1193 3769 1264 3854 ipso
1296 3788 1407 3831 errore
1429 3764 1556 3840 ductus,
1579 3763 1622 3827 de

180 3891 245 3955 quo
268 3890 368 3956 supra
391 3869 491 3935 verba
514 3871 589 3954 feci,
610 3871 805 3956 praesertim
828 3891 903 3934 cum
925 3870 1004 3934 alibi
1026 3893 1087 3934 rex
1113 3891 1225 3935 servos
1241 3891 1362 3934 vocare
1380 3867 1484 3932 soleat
1508 3863 1622 3948 δμῶες,

181 3974 261 4052 sim,
284 3994 445 4058 nusquam
468 3984 578 4036 autem
599 3973 724 4042 παῖδες.
771 3972 927 4058 Sequitur
949 3975 1060 4058 igitur,
1084 3994 1157 4038 cum
1180 3972 1309 4038 Haemo
1343 3970 1430 4035 filius
1460 3968 1621 4055 appellari

180 4094 245 4136 non
267 4078 371 4159 possit
390 4075 451 4138 hoc
474 4075 556 4156 loco,
588 4085 624 4139 ut
656 4097 723 4141 vox
755 4082 820 4138 παῖ
850 4087 1004 4162 corrupta
1038 4079 1088 4143 sit.
1133 4074 1352 4140 Coniecturae
1384 4071 1508 4137 multae
1544 4092 1621 4157 pro.

180 4177 307 4262 positae
330 4188 404 4241 sunt
427 4201 446 4241 a
467 4179 546 4242 viris
570 4179 684 4256 doctis,
707 4201 846 4265 quarum
868 4181 991 4264 optima
1021 4179 1100 4243 mihi
1130 4179 1262 4243 videtur
1291 4176 1350 4242 illa
1373 4177 1505 4261 Engeri,
1536 4196 1621 4260 quae

128 4319 131 4328 ·
181 4288 231 4344 est
254 4282 289 4340 τί
305 4275 377 4362 φής,
399 4273 425 4341 oi
446 4272 505 4343 τίν’
528 4263 567 4344 αὖ
589 4281 687 4360 λέγεις
707 4302 763 4361 μοι
784 4287 866 4363 νέον,
887 4291 1120 4368 praeterquam
1156 4282 1245 4367 quod
1278 4279 1408 4345 offendo
1437 4280 1471 4341 in
1505 4276 1562 4341 illo
1584 4269 1620 4356 ὤ,

181 4383 270 4469 quod
303 4403 462 4466 nusquam
496 4385 585 4470 apud
618 4384 814 4471 Sophoclem
850 4384 1035 4450 absolutum
1065 4384 1195 4468 legitur,
1230 4384 1271 4448 cf.
1303 4381 1380 4450 00.
1412 4382 1484 4462 224,
1512 4399 1620 4464 neque

181 4495 255 4550 ante
278 4485 482 4549 enuntiatum
503 4488 774 4571 interrogativum
796 4488 850 4551 vel
874 4487 1126 4553 exclamativum
1157 4489 1289 4575 ponitur
1326 4509 1347 4576 a
1375 4485 1519 4566 tragicis,
1542 4501 1617 4544 cum

181 4597 294 4652 contra
316 4585 554 4671 Aristophanes
576 4593 745 4676 scripserit
759 4590 822 4656 Nu.
840 4591 923 4656 1318
944 4579 970 4652 u'i
991 4592 1025 4653 αι’
1038 4580 1068 4651 σ’
1090 4587 1184 4673 εἴπω,
1209 4588 1327 4654 similia
1349 4589 1407 4653 Pa.
1431 4585 1505 4667 693,
1528 4583 1619 4649 leot

180 4689 231 4753 Ne
263 4688 345 4754 illud
376 4680 437 4751 τίν’
472 4691 614 4776 quidem,
648 4715 721 4758 cum
757 4694 961 4780 praecedant
1006 4700 1076 4756 τίνα
1108 4695 1220 4773 θροεῖς
1248 4692 1356 4772 λόγον,
1388 4689 1510 4755 bonum
1551 4705 1621 4750 esse

180 4793 321 4859 videtur.
370 4792 532 4878 Equidem
555 4815 687 4859 versum
710 4798 755 4861 sic
778 4796 953 4880 legendum
977 4819 1047 4863 esse
1071 4797 1279 4883 putaverim:
1308 4797 1343 4856 τί
1362 4788 1439 4878 prim
1462 4782 1487 4852 d
1506 4785 1625 4872 πόποι,
