3796 5518
877 389 1084 454 ..55-

257 574 402 659 virginis,
424 595 508 658 quae
532 575 611 639 satis
634 574 836 659 significatae
869 584 945 640 sunt
972 576 1134 644 vocabulo
1156 581 1306 660 χορείαις,
1335 579 1393 644 sed
1414 581 1624 647 referendum
1647 595 1697 650 cst

258 697 375 740 nomen
406 674 448 740 ad
477 677 613 760 virginis
641 697 750 741 mores
781 677 958 764 vitamque,
990 689 1027 742 ut
1057 678 1142 744 bene
1172 680 1347 746 scholiasta
1376 682 1555 769 explicavit
1583 677 1639 746 ούκ
1661 679 1697 750 ἐν

258 773 389 864 αἰσχύνῃ
418 771 459 840 τὰ
488 776 539 859 σύ,
569 778 609 843 cf.
639 801 755 843 versus
787 781 843 865 qui
873 793 1055 866 sequuntur
1082 791 1116 846 et
1144 783 1202 848 ΙΑ.
1227 784 1309 849 1343
1331 807 1380 871 sq.
1429 785 1613 852 Secundum
1637 788 1706 876 hos

258 882 343 946 duos
372 879 462 946 locos
490 903 606 946 versus
635 881 681 946 Ιο.
706 882 799 963 1425,
829 881 886 946 ubi
910 881 1036 948 Creusa
1057 895 1185 948 textum
1208 885 1291 951 illud
1314 887 1356 951 ab
1379 888 1459 952 Ione
1482 900 1696 955 monstratum

259 1005 350 1049 suurn
378 1005 448 1048 esse
472 986 619 1069 agnoscit
640 983 751 1048 verbis
775 1007 859 1070 quac
883 993 958 1050 sunt

548 1073 573 1146 d
594 1084 726 1167 χρόνιον
749 1083 847 1149 ἱστῶν
867 1089 1082 1168 παρθένευμα
1101 1087 1167 1152 τῶν
1188 1085 1275 1170 ἐμῶν

259 1188 408 1272 intellegi
430 1210 496 1253 non
509 1197 620 1275 potest
635 1190 710 1253 nisi:
736 1187 785 1272 „0
801 1199 959 1254 remotam
976 1191 1200 1276 virginitatem
1222 1195 1376 1274 (aetatem
1399 1197 1605 1280 virginalem)
1628 1201 1696 1284 iugi

258 1289 354 1373 mei“‚
393 1313 478 1378 quae
508 1313 605 1356 sensu
627 1314 720 1356 cassa
758 1314 827 1357 esse
863 1315 928 1357 non
963 1305 1010 1356 est
1041 1293 1129 1380 quod
1159 1295 1275 1360 dicam.
1322 1295 1419 1376 Quod
1451 1312 1561 1364 autem
1585 1322 1696 1366 omnes

257 1395 471 1474 παρθένευμα
492 1396 623 1480 passive
646 1394 880 1459 intellexerunt
901 1394 935 1458 id
958 1393 1046 1480 duod
1064 1398 1225 1481 avirgine
1247 1399 1431 1482 perfectum
1447 1413 1506 1480 est,
1525 1425 1589 1467 nou
1605 1414 1695 1468 recte

258 1497 420 1577 fecerunt,
451 1518 525 1560 oum
554 1493 770 1578 παρθενεύειν
800 1520 863 1562 non
887 1499 928 1561 sit
950 1499 1087 1564 verbum
1111 1503 1329 1567 transitivum.
1374 1503 1500 1568 Eodem
1524 1505 1631 1586 modo,
1661 1517 1697 1570 ut

254 1597 411 1683 ,exemplo
434 1611 518 1680 utar,
540 1595 700 1677 δούλευμα
720 1621 785 1662 non
810 1609 858 1664 est
880 1601 1010 1686 passive
1034 1624 1161 1684 munus,
1183 1603 1217 1668 id
1240 1603 1329 1690 quod
1353 1629 1372 1668 a
1388 1627 1484 1672 servo
1501 1607 1623 1673 factum
1640 1620 1696 1708 est,

261 1700 320 1765 sed
343 1703 451 1765 active
474 1702 577 1787 ipsam
609 1702 774 1767 serviendi
804 1704 966 1768 actionem
997 1703 1169 1788 significat.
1215 1705 1328 1771 Verba
1351 1710 1446 1789 euim,
1472 1712 1611 1795 quaein
1635 1730 1697 1774 ευω

259 1815 389 1886 exeunt,
426 1813 482 1867 aut
520 1802 705 1888 significant
741 1804 946 1870 intransitive
979 1807 1011 1869 in
1045 1807 1159 1892 aliquo
1187 1817 1274 1874 statu
1303 1833 1375 1875 esse
1407 1812 1559 1899 aliquem,
1590 1815 1637 1876 ita
1660 1823 1698 1877 ut

258 1929 376 1972 nomen
398 1909 431 1970 in
453 1926 499 1986 μα
521 1909 562 1971 sit
586 1909 737 1986 activum,
766 1909 858 1972 velut
881 1904 1033 1992 κήδευμα,
1063 1905 1236 1993 λάτρευμα,
1266 1911 1341 1986 alia,
1363 1925 1420 1978 aut
1443 1917 1612 1979 transitive
1635 1917 1697 1998 sig·

260 2009 393 2074 nificant
415 2011 579 2074 notionem
604 2011 755 2093 faciendi,
777 2013 822 2074 ita
846 2024 882 2074 ut
904 2014 1034 2076 nomina
1056 2016 1188 2096 passiva
1210 2015 1284 2096 sint,
1314 2024 1349 2079 ut
1371 2015 1523 2098 χόρευμα.
1546 2013 1697 2099 τύρευμα,

258 2112 338 2194 alia,
367 2113 513 2199 exceptis
543 2114 590 2177 eis
622 2114 792 2199 exemplis,
826 2137 910 2200 quae
942 2115 1128 2199 significatu
1158 2119 1265 2182 activo
1296 2118 1448 2203 praedita
1470 2142 1569 2206 supra
1592 2119 1697 2186 attuli.

262 2215 419 2302 Sequitur
449 2226 569 2294 autem,
599 2231 635 2280 ut
663 2218 876 2296 παρθένευμα
900 2240 1056 2283 essenon
1079 2220 1183 2303 possit
1207 2241 1288 2304 opus
1312 2244 1332 2286 a
1354 2221 1481 2302 virgine
1503 2224 1696 2308 perfectum.

260 2315 372 2384 Omnis
411 2328 520 2382 autem
559 2317 687 2382 tollitur
723 2319 788 2384 loci
826 2319 1012 2402 difficultas,
1050 2323 1076 2384 si
1114 2320 1224 2412 verbis
1262 2323 1359 2408 paulo
1404 2324 1500 2389 aliter
1536 2325 1697 2390 distinctis

264 2419 402 2504 legimus
434 2419 715 2501 παρθενευμὰιων
749 2416 844 2501 ἐμῶν,
873 2422 1102 2506 intellegentes
1133 2425 1175 2490 ad
1205 2420 1336 2507 χρόνιον
1364 2449 1407 2490 ex
1429 2429 1476 2492 eis
1498 2449 1582 2513 quae
1604 2450 1695 2513 prae·

261 2522 381 2589 cedunt
397 2545 496 2609 saepe
507 2526 571 2588 iam
583 2525 729 2589 auditum
740 2525 823 2589 illud
835 2547 951 2590 nomen
962 2519 1102 2606 ὕφασμα.
1126 2526 1356 2594 coniecturam
1368 2537 1477 2594 autem
1489 2527 1582 2611 hanc,
1597 2552 1695 2616 quam

261 2627 383 2707 inveni,
406 2638 503 2690 antea
525 2628 589 2690 iam
612 2647 632 2690 a
651 2625 831 2691 Badhamio
855 2627 976 2693 factam
1000 2651 1070 2693 csse
1093 2629 1201 2713 video,
1226 2633 1281 2716 qui
1304 2643 1414 2696 tamen
1437 2633 1531 2698 nimis
1553 2635 1698 2717 graviter

259 2729 389 2813 scripsit
417 2722 546 2809 χρόνιος
575 2727 662 2798 ἱστός
689 2751 795 2815 neque
825 2729 927 2795 ullam
958 2733 1166 2797 coniecturae
1196 2755 1274 2798 suae
1298 2756 1430 2799 causam
1453 2735 1598 2820 protulit,
1620 2737 1698 2800 satis

259 2830 387 2896 habens
410 2833 521 2896 mirari
543 2834 705 2896 neminem
725 2831 825 2897 alium
848 2835 997 2898 antesin
1021 2857 1094 2898 eam
1115 2836 1279 2901 incidisse.
1382 2864 1383 2867 ¹

368 2934 415 2998 Ut
436 2934 498 2999 hoc
515 2956 612 3019 quent
629 2937 770 2999 tractavi
787 2935 859 3000 loco
876 2947 908 3000 et
928 2935 984 2998 Ph.
1001 2936 1240 3020 126510gtmus
1257 2938 1420 3024 pluralem
1438 2936 1698 3023 παρθενεύμανα,

258 3036 304 3100 ita
335 3045 443 3101 exstat
471 3035 525 3101 Al.
558 3036 618 3102 178
649 3037 841 3118 κορεύματα,
870 3061 969 3104 versu
998 3039 1190 3105 aNauckio
1201 3043 1224 3121 ¹)
1253 3044 1367 3116 eiecto,
1396 3064 1492 3128 quem
1515 3065 1578 3108 non
1601 3047 1698 3130 pauci

258 3161 364 3224 usque
397 3137 440 3203 ad
474 3147 618 3205 nostram
653 3150 793 3204 aetatem
827 3143 931 3206 secuti
965 3153 1049 3224 sunt,
1082 3142 1197 3208 dubito
1227 3167 1268 3208 an
1297 3147 1376 3210 satis
1405 3155 1539 3226 temere,
1569 3147 1697 3232 quade

264 3263 363 3306 causa
394 3263 441 3324 ea,
471 3243 502 3306 in
535 3241 654 3328 quibus
684 3244 819 3308 offendit
849 3246 900 3309 vir
931 3245 1057 3326 doctus,
1086 3245 1145 3310 hoc
1175 3246 1248 3312 loco
1276 3249 1466 3312 examinare
1489 3247 1566 3313 miti
1589 3248 1697 3315 liceat.

265 3341 377 3408 Verba
400 3352 509 3409 autem
533 3344 709 3410 Alcestidis
731 3345 812 3410 haec
836 3357 910 3412 sunt
932 3369 962 3410 v.
983 3369 1013 3412 v.
1040 3348 1152 3426 llll&

569 3435 757 3529 ύλέκνρον,
782 3445 865 3511 ἔνθα
886 3441 1053 3528 παρθένεί
1077 3443 1163 3514 ἔλυσ’
1188 3445 1247 3532 ἐγώ

547 3545 718 3632 κορεύμαυ’
741 3544 877 3615 ἐκτοῦδ’
898 3543 1026 3634 ἀνδρὸς,
1047 3538 1086 3615 ού
1106 3550 1239 3639 θνῄσκω
1261 3557 1342 3636 περί

258 3674 396 3738 quorum
415 3675 565 3718 versuum
593 3654 729 3718 alterum
753 3663 890 3739 propter
906 3665 1061 3740 quattuor
1077 3677 1192 3720 causas
1216 3655 1339 3722 delevit
1361 3659 1412 3721 vir
1427 3657 1483 3721 ille
1499 3655 1624 3724 doctus.
1647 3655 1697 3720 Ac

256 3757 397 3842 primum
420 3756 563 3842 quidem,
588 3769 624 3821 ut
647 3780 667 3822 a
689 3756 867 3822 minoribus
888 3759 1053 3842 incipiam,
1081 3753 1116 3820 ἐκ
1137 3768 1228 3823 recte
1251 3757 1373 3824 dictum
1394 3781 1458 3831 non
1482 3781 1552 3824 esse
1575 3762 1699 3824 censuit

256 3871 331 3946 post
363 3859 502 3924 verbum
536 3857 636 3922 ἔλυσα
665 3861 819 3926 activum.
872 3859 997 3926 Oontra
1026 3860 1109 3925 hanc
1140 3871 1249 3925 autem
1280 3866 1472 3927 sententiam
1502 3862 1698 3927 monendum

255 3967 313 4026 'est
353 3962 416 4027 loci
456 3984 586 4027 sensum
621 3984 691 4026 esse
727 3965 905 4047 passivum,
947 3964 992 4027 ita
1026 3973 1062 4026 ut
1096 3985 1195 4028 causa
1228 3984 1292 4027 nou
1326 3966 1368 4029 sit
1402 3988 1460 4031 our
1497 3963 1699 4031 offendamus

255 4067 288 4128 in
325 4065 382 4129 illa
420 4068 677 4153 praepositione,
721 4066 761 4130 cf.
801 4088 828 4132 e.
861 4089 893 4150 g.
917 4065 1016 4154 Soph.
1048 4065 1104 4133 Tr.
1137 4067 1220 4132 1133
1266 4067 1346 4146 πρὶν
1378 4059 1421 4136 οἷς
1457 4066 1537 4152 χρῆν
1574 4060 1631 4150 σφ’
1666 4061 1702 4140 ἐξ

256 4164 333 4252 ἐμῆς
354 4170 469 4230 θανεῖν
489 4164 590 4248 χερός,
616 4168 658 4233 al.
692 4167 838 4233 'Deinde
862 4181 1051 4256 suspectum
1073 4190 1144 4233 esse
1167 4169 1250 4234 dixit
1272 4191 1453 4254 pronomen
1474 4170 1579 4254 τοῦδε,
1610 4170 1698 4257 quod

254 4271 390 4335 maritus
416 4271 488 4355 ipse
514 4271 546 4334 in
569 4292 688 4336 scaena
717 4293 782 4337 non
820 4284 915 4337 esset.
959 4272 1155 4337 Differentia
1178 4284 1288 4338 autem
1311 4273 1369 4338 illa
1391 4273 1592 4360 principalis,
1614 4295 1697 4360 qnae

255 4385 306 4438 est
328 4374 412 4436 inter
433 4357 526 4441 οὗτος
542 4383 574 4438 et
598 4364 622 4435 ύ
625 4372 671 4453 δε,
691 4396 756 4438 non
771 4374 833 4440 hoc
848 4397 912 4440 uno
928 4373 1002 4440 loco
1018 4375 1169 4460 neglecta
1192 4386 1252 4455 est,
1270 4397 1344 4441 cum
1361 4399 1388 4440 c.
1404 4399 1435 4462 g.
1452 4376 1551 4465 Soph.
1567 4375 1618 4444 El.
1634 4376 1698 4443 908

254 4478 393 4543 dicatur
421 4478 525 4541 cirrus
554 4477 610 4541 ille
634 4469 705 4540 οόδ’
735 4470 902 4559 ἀγλάισμα,
932 4483 988 4566 qui
1021 4490 1129 4545 tamen
1155 4502 1174 4543 a
1196 4478 1469 4564 Chrysothemide
1491 4482 1525 4544 in
1546 4501 1697 4545 scaenam

254 4581 374 4646 allatus
404 4603 468 4643 non
498 4589 556 4662 est,
590 4590 621 4644 et
650 4581 737 4646 idem
761 4583 865 4646 cirrus
888 4592 1025 4647 vocetur
1063 4579 1161 4645 ναύνα
1181 4572 1376 4664 τάπιτύμβια
1399 4584 1470 4648 915.
1516 4583 1599 4647 Tum
1621 4584 1702 4661 περί

497 4723 565 4731 ..ιη-

368 4803 389 4876 ¹)
407 4801 508 4857 Studia
527 4801 681 4872 Euripiden
700 4802 729 4855 ll
748 4822 775 4872 p.
793 4804 836 4858 53.
