<?xml version="1.0" encoding="UTF-8"?>
<!DOCTYPE html PUBLIC "-//W3C//DTD XHTML 1.0 Transitional//EN"
    "http://www.w3.org/TR/xhtml1/DTD/xhtml1-transitional.dtd">
<html xmlns="http://www.w3.org/1999/xhtml" xml:lang="en" lang="en">
 <head>
  <title>
</title>
<meta http-equiv="Content-Type" content="text/html;charset=utf-8" />
  <meta name='ocr-system' content='tesseract 3.04.00' />
  <meta name='ocr-capabilities' content='ocr_page ocr_carea ocr_par ocr_line ocrx_word'/>
</head>
<body>
  <div class='ocr_page' id='page_1' title='image "./depoetarumscaen00menggoog_0091.png"; bbox 0 0 3796 5518; ppageno 0'>
   <div class='ocr_carea' id='block_1_1' title="bbox 888 425 1097 490">
    <p class='ocr_par' dir='ltr' id='par_1_1' title="bbox 888 425 1097 490">
     <span class='ocr_line' id='line_1_1' title="bbox 888 425 1097 490; baseline -0.01 -18"><span class='ocrx_word' id='word_1_1' title='bbox 888 425 1097 490; x_wconf 71' lang='lat'><strong>-35-</strong></span> 
     </span>
    </p>
   </div>
   <div class='ocr_carea' id='block_1_2' title="bbox 197 612 1715 1626">
    <p class='ocr_par' dir='ltr' id='par_1_2' title="bbox 197 612 1715 1626">
     <span class='ocr_line' id='line_1_2' title="bbox 270 612 1711 700; baseline -0.004 -16"><span class='ocrx_word' id='word_1_2' title='bbox 270 618 453 684; x_wconf 89' lang='lat' dir='ltr'><strong>Homerum</strong></span> <span class='ocrx_word' id='word_1_3' title='bbox 471 635 526 700; x_wconf 83' lang='grc' dir='ltr'><strong>της</strong></span> <span class='ocrx_word' id='word_1_4' title='bbox 541 615 671 688; x_wconf 81' lang='lat' dir='ltr'><strong>habent,</strong></span> <span class='ocrx_word' id='word_1_5' title='bbox 688 638 707 680; x_wconf 91' lang='lat' dir='ltr'><strong>a</strong></span> <span class='ocrx_word' id='word_1_6' title='bbox 722 615 863 700; x_wconf 83' lang='lat' dir='ltr'><strong>posteris</strong></span> <span class='ocrx_word' id='word_1_7' title='bbox 879 627 936 678; x_wconf 88' lang='lat' dir='ltr'><strong>aut</strong></span> <span class='ocrx_word' id='word_1_8' title='bbox 951 616 985 677; x_wconf 91' lang='lat' dir='ltr'><strong>in</strong></span> <span class='ocrx_word' id='word_1_9' title='bbox 1000 634 1066 693; x_wconf 99' lang='grc' dir='ltr'><strong>τωρ</strong></span> <span class='ocrx_word' id='word_1_10' title='bbox 1080 624 1137 677; x_wconf 91' lang='lat' dir='ltr'><strong>aut</strong></span> <span class='ocrx_word' id='word_1_11' title='bbox 1152 613 1186 676; x_wconf 91' lang='lat' dir='ltr'><strong>in</strong></span> <span class='ocrx_word' id='word_1_12' title='bbox 1199 633 1259 696; x_wconf 89' lang='grc' dir='ltr'><strong>τηρ</strong></span> <span class='ocrx_word' id='word_1_13' title='bbox 1281 612 1422 676; x_wconf 84' lang='lat' dir='ltr'><strong>formata</strong></span> <span class='ocrx_word' id='word_1_14' title='bbox 1443 622 1527 677; x_wconf 83' lang='lat' dir='ltr'><strong>sunt.</strong></span> <span class='ocrx_word' id='word_1_15' title='bbox 1548 661 1550 666; x_wconf 73' lang='lat'><em>·</em></span> <span class='ocrx_word' id='word_1_16' title='bbox 1572 613 1711 678; x_wconf 83' lang='lat' dir='ltr'><strong>Addere</strong></span> 
     </span>
     <span class='ocr_line' id='line_1_3' title="bbox 271 705 1712 802; baseline -0.003 -17"><span class='ocrx_word' id='word_1_17' title='bbox 271 730 381 786; x_wconf 88' lang='lat' dir='ltr'><strong>autem</strong></span> <span class='ocrx_word' id='word_1_18' title='bbox 404 718 519 784; x_wconf 86' lang='lat' dir='ltr'><strong>debuit</strong></span> <span class='ocrx_word' id='word_1_19' title='bbox 541 716 678 802; x_wconf 88' lang='lat' dir='ltr'><strong>D&#39;Ooge</strong></span> <span class='ocrx_word' id='word_1_20' title='bbox 701 719 810 782; x_wconf 89' lang='lat' dir='ltr'><strong>omnia</strong></span> <span class='ocrx_word' id='word_1_21' title='bbox 824 717 905 782; x_wconf 90' lang='lat' dir='ltr'><strong>haec</strong></span> <span class='ocrx_word' id='word_1_22' title='bbox 929 738 1000 781; x_wconf 90' lang='lat' dir='ltr'><strong>esse</strong></span> <span class='ocrx_word' id='word_1_23' title='bbox 1024 715 1199 781; x_wconf 85' lang='lat' dir='ltr'><strong>artificiose</strong></span> <span class='ocrx_word' id='word_1_24' title='bbox 1222 713 1344 796; x_wconf 82' lang='lat' dir='ltr'><strong>efficta,</strong></span> <span class='ocrx_word' id='word_1_25' title='bbox 1364 713 1457 778; x_wconf 82' lang='lat' dir='ltr'><strong>velut</strong></span> <span class='ocrx_word' id='word_1_26' title='bbox 1479 705 1614 798; x_wconf 76' lang='grc' dir='ltr'><strong><em>ἀγροτηρ</em></strong></span> <span class='ocrx_word' id='word_1_27' title='bbox 1629 715 1712 781; x_wconf 87' lang='lat' dir='ltr'><strong>Eur.</strong></span> 
     </span>
     <span class='ocr_line' id='line_1_4' title="bbox 269 809 1714 907; baseline -0.003 -19"><span class='ocrx_word' id='word_1_28' title='bbox 269 823 322 888; x_wconf 89' lang='lat' dir='ltr'><strong>El.</strong></span> <span class='ocrx_word' id='word_1_29' title='bbox 347 823 418 905; x_wconf 86' lang='lat'><strong>168,</strong></span> <span class='ocrx_word' id='word_1_30' title='bbox 455 823 530 903; x_wconf 87' lang='grc'><strong>463,</strong></span> <span class='ocrx_word' id='word_1_31' title='bbox 566 815 726 903; x_wconf 78' lang='grc' dir='ltr'><strong><em>αἰχμητηρ</em></strong></span> <span class='ocrx_word' id='word_1_32' title='bbox 754 817 896 907; x_wconf 90' lang='lat' dir='ltr'><strong>Oppiani</strong></span> <span class='ocrx_word' id='word_1_33' title='bbox 930 817 1014 903; x_wconf 86' lang='lat' dir='ltr'><strong>Oyn.</strong></span> <span class='ocrx_word' id='word_1_34' title='bbox 1052 819 1083 899; x_wconf 87' lang='lat'><strong>3,</strong></span> <span class='ocrx_word' id='word_1_35' title='bbox 1113 818 1186 894; x_wconf 81' lang='grc'>211,</span> <span class='ocrx_word' id='word_1_36' title='bbox 1218 809 1408 900; x_wconf 78' lang='grc' dir='ltr'><strong><em>ἅκοντιστήρ</em></strong></span> <span class='ocrx_word' id='word_1_37' title='bbox 1444 817 1523 884; x_wconf 88' lang='lat' dir='ltr'><strong>Eur.</strong></span> <span class='ocrx_word' id='word_1_38' title='bbox 1553 817 1611 884; x_wconf 92' lang='lat' dir='ltr'><strong>Ph.</strong></span> <span class='ocrx_word' id='word_1_39' title='bbox 1638 819 1714 901; x_wconf 84' lang='lat'>140,</span> 
     </span>
     <span class='ocr_line' id='line_1_5' title="bbox 271 917 1713 1009; baseline -0.002 -21"><span class='ocrx_word' id='word_1_40' title='bbox 271 921 442 1006; x_wconf 80' lang='grc' dir='ltr'><strong><em>ἆσπίστωρ</em></strong></span> <span class='ocrx_word' id='word_1_41' title='bbox 465 926 529 1009; x_wconf 89' lang='lat' dir='ltr'><strong>Ag.</strong></span> <span class='ocrx_word' id='word_1_42' title='bbox 552 922 626 1003; x_wconf 88' lang='grc'><strong>413,</strong></span> <span class='ocrx_word' id='word_1_43' title='bbox 655 922 729 1004; x_wconf 88' lang='lat' dir='ltr'><strong>alia,</strong></span> <span class='ocrx_word' id='word_1_44' title='bbox 760 943 900 1008; x_wconf 90' lang='lat' dir='ltr'><strong>quorum</strong></span> <span class='ocrx_word' id='word_1_45' title='bbox 930 921 1054 986; x_wconf 92' lang='lat' dir='ltr'><strong>nullum</strong></span> <span class='ocrx_word' id='word_1_46' title='bbox 1085 922 1119 984; x_wconf 89' lang='lat' dir='ltr'><strong>in</strong></span> <span class='ocrx_word' id='word_1_47' title='bbox 1148 941 1296 985; x_wconf 83' lang='lat' dir='ltr'>sermone</span> <span class='ocrx_word' id='word_1_48' title='bbox 1325 917 1457 1003; x_wconf 85' lang='lat' dir='ltr'><strong>vulgari</strong></span> <span class='ocrx_word' id='word_1_49' title='bbox 1479 920 1713 1006; x_wconf 79' lang='lat' dir='ltr'><strong>usurpabatur,</strong></span> 
     </span>
     <span class='ocr_line' id='line_1_6' title="bbox 267 1021 1677 1110; baseline -0.001 -18"><span class='ocrx_word' id='word_1_50' title='bbox 267 1030 316 1094; x_wconf 89' lang='lat' dir='ltr'><strong>ita</strong></span> <span class='ocrx_word' id='word_1_51' title='bbox 335 1040 372 1093; x_wconf 90' lang='lat' dir='ltr'><strong>ut</strong></span> <span class='ocrx_word' id='word_1_52' title='bbox 393 1029 560 1093; x_wconf 88' lang='lat' dir='ltr'><strong>nominum</strong></span> <span class='ocrx_word' id='word_1_53' title='bbox 580 1046 675 1090; x_wconf 88' lang='lat' dir='ltr'><strong>nsum</strong></span> <span class='ocrx_word' id='word_1_54' title='bbox 696 1027 729 1090; x_wconf 92' lang='lat' dir='ltr'><strong>in</strong></span> <span class='ocrx_word' id='word_1_55' title='bbox 751 1025 837 1094; x_wconf 56' lang='lat' dir='ltr'><strong>hanc.</strong></span> <span class='ocrx_word' id='word_1_56' title='bbox 858 1033 987 1109; x_wconf 89' lang='lat' dir='ltr'><strong>partem</strong></span> <span class='ocrx_word' id='word_1_57' title='bbox 1008 1032 1229 1110; x_wconf 86' lang='lat' dir='ltr'><strong>propagatum</strong></span> <span class='ocrx_word' id='word_1_58' title='bbox 1251 1043 1324 1086; x_wconf 88' lang='lat' dir='ltr'><strong>esse</strong></span> <span class='ocrx_word' id='word_1_59' title='bbox 1347 1021 1457 1087; x_wconf 91' lang='lat' dir='ltr'><strong>dicere</strong></span> <span class='ocrx_word' id='word_1_60' title='bbox 1480 1044 1546 1086; x_wconf 90' lang='lat' dir='ltr'><strong>non</strong></span> <span class='ocrx_word' id='word_1_61' title='bbox 1568 1022 1677 1091; x_wconf 92' lang='lat' dir='ltr'><strong>liceat.</strong></span> 
     </span>
     <span class='ocr_line' id='line_1_7' title="bbox 197 1124 1714 1214; baseline -0.005 -18"><span class='ocrx_word' id='word_1_62' title='bbox 197 1125 199 1130; x_wconf 63' lang='grc'><strong>’</strong></span> <span class='ocrx_word' id='word_1_63' title='bbox 377 1129 423 1196; x_wconf 93' lang='lat' dir='ltr'><strong>Ut</strong></span> <span class='ocrx_word' id='word_1_64' title='bbox 456 1141 566 1194; x_wconf 90' lang='lat' dir='ltr'><strong>autem</strong></span> <span class='ocrx_word' id='word_1_65' title='bbox 596 1127 637 1192; x_wconf 89' lang='lat' dir='ltr'><strong>ad</strong></span> <span class='ocrx_word' id='word_1_66' title='bbox 666 1143 790 1214; x_wconf 89' lang='lat' dir='ltr'><strong>poetas,</strong></span> <span class='ocrx_word' id='word_1_67' title='bbox 821 1129 863 1192; x_wconf 93' lang='lat' dir='ltr'><strong>de</strong></span> <span class='ocrx_word' id='word_1_68' title='bbox 899 1148 1039 1212; x_wconf 91' lang='lat' dir='ltr'><strong>quorum</strong></span> <span class='ocrx_word' id='word_1_69' title='bbox 1078 1147 1226 1190; x_wconf 85' lang='lat' dir='ltr'><strong>sermone</strong></span> <span class='ocrx_word' id='word_1_70' title='bbox 1255 1146 1328 1209; x_wconf 89' lang='lat' dir='ltr'><strong>ago,</strong></span> <span class='ocrx_word' id='word_1_71' title='bbox 1358 1124 1502 1206; x_wconf 88' lang='lat' dir='ltr'><strong>redeam,</strong></span> <span class='ocrx_word' id='word_1_72' title='bbox 1530 1135 1641 1206; x_wconf 87' lang='lat' dir='ltr'><strong>restat,</strong></span> <span class='ocrx_word' id='word_1_73' title='bbox 1673 1135 1714 1190; x_wconf 87' lang='lat' dir='ltr'><strong>ut</strong></span> 
     </span>
     <span class='ocr_line' id='line_1_8' title="bbox 273 1227 1712 1321; baseline -0.006 -21"><span class='ocrx_word' id='word_1_74' title='bbox 273 1234 420 1301; x_wconf 91' lang='lat' dir='ltr'><strong>dicamus</strong></span> <span class='ocrx_word' id='word_1_75' title='bbox 443 1234 532 1321; x_wconf 90' lang='lat' dir='ltr'><strong>apud</strong></span> <span class='ocrx_word' id='word_1_76' title='bbox 554 1231 811 1318; x_wconf 83' lang='lat' dir='ltr'><strong>Aristophanem</strong></span> <span class='ocrx_word' id='word_1_77' title='bbox 835 1243 1026 1316; x_wconf 89' lang='lat' dir='ltr'><strong>ceterosque</strong></span> <span class='ocrx_word' id='word_1_78' title='bbox 1060 1251 1172 1295; x_wconf 90' lang='lat' dir='ltr'><strong>omnes</strong></span> <span class='ocrx_word' id='word_1_79' title='bbox 1209 1229 1351 1294; x_wconf 88' lang='lat' dir='ltr'><strong>comicos</strong></span> <span class='ocrx_word' id='word_1_80' title='bbox 1383 1249 1424 1290; x_wconf 90' lang='lat' dir='ltr'><strong>ne</strong></span> <span class='ocrx_word' id='word_1_81' title='bbox 1454 1249 1554 1292; x_wconf 91' lang='lat' dir='ltr'><strong>unum</strong></span> <span class='ocrx_word' id='word_1_82' title='bbox 1578 1227 1712 1313; x_wconf 90' lang='lat' dir='ltr'><strong>quidem</strong></span> 
     </span>
     <span class='ocr_line' id='line_1_9' title="bbox 270 1329 1714 1424; baseline -0.006 -22"><span class='ocrx_word' id='word_1_83' title='bbox 270 1360 333 1424; x_wconf 94' lang='lat' dir='ltr'><strong>par</strong></span> <span class='ocrx_word' id='word_1_84' title='bbox 354 1339 521 1403; x_wconf 86' lang='lat' dir='ltr'><strong>nominum</strong></span> <span class='ocrx_word' id='word_1_85' title='bbox 544 1336 683 1399; x_wconf 86' lang='lat' dir='ltr'><strong>inveniri</strong></span> <span class='ocrx_word' id='word_1_86' title='bbox 706 1333 748 1398; x_wconf 89' lang='lat' dir='ltr'><strong>ab</strong></span> <span class='ocrx_word' id='word_1_87' title='bbox 772 1334 886 1398; x_wconf 92' lang='lat' dir='ltr'><strong>eadem</strong></span> <span class='ocrx_word' id='word_1_88' title='bbox 910 1335 1011 1420; x_wconf 83' lang='lat' dir='ltr'><strong>stirpe</strong></span> <span class='ocrx_word' id='word_1_89' title='bbox 1033 1332 1227 1412; x_wconf 86' lang='lat' dir='ltr'><strong>derivatum,</strong></span> <span class='ocrx_word' id='word_1_90' title='bbox 1251 1329 1387 1395; x_wconf 87' lang='lat' dir='ltr'><strong>diversis</strong></span> <span class='ocrx_word' id='word_1_91' title='bbox 1418 1339 1528 1394; x_wconf 89' lang='lat' dir='ltr'><strong>tamen</strong></span> <span class='ocrx_word' id='word_1_92' title='bbox 1558 1331 1714 1394; x_wconf 91' lang='lat' dir='ltr'><strong>termina·</strong></span> 
     </span>
     <span class='ocr_line' id='line_1_10' title="bbox 270 1422 1715 1526; baseline -0.01 -20"><span class='ocrx_word' id='word_1_93' title='bbox 270 1440 412 1506; x_wconf 83' lang='lat' dir='ltr'><strong>tionibus</strong></span> <span class='ocrx_word' id='word_1_94' title='bbox 434 1438 631 1526; x_wconf 89' lang='lat' dir='ltr'><strong>praeditum.</strong></span> <span class='ocrx_word' id='word_1_95' title='bbox 673 1436 784 1501; x_wconf 91' lang='lat' dir='ltr'><strong>Unum</strong></span> <span class='ocrx_word' id='word_1_96' title='bbox 805 1435 899 1516; x_wconf 86' lang='lat' dir='ltr'><strong>illud,</strong></span> <span class='ocrx_word' id='word_1_97' title='bbox 930 1434 1018 1521; x_wconf 93' lang='lat' dir='ltr'><strong>quod</strong></span> <span class='ocrx_word' id='word_1_98' title='bbox 1040 1437 1140 1499; x_wconf 91' lang='lat' dir='ltr'><strong>Arist.</strong></span> <span class='ocrx_word' id='word_1_99' title='bbox 1169 1434 1209 1500; x_wconf 88' lang='lat' dir='ltr'><strong>fr.</strong></span> <span class='ocrx_word' id='word_1_100' title='bbox 1240 1433 1303 1498; x_wconf 80' lang='grc'>1166</span> <span class='ocrx_word' id='word_1_101' title='bbox 1336 1432 1485 1518; x_wconf 87' lang='lat' dir='ltr'><strong>legimus,</strong></span> <span class='ocrx_word' id='word_1_102' title='bbox 1514 1422 1572 1494; x_wconf 85' lang='grc' dir='ltr'><strong>τὸν</strong></span> <span class='ocrx_word' id='word_1_103' title='bbox 1604 1427 1715 1513; x_wconf 75' lang='grc' dir='ltr'><strong><em>Φρύγα</em></strong></span> 
     </span>
     <span class='ocr_line' id='line_1_11' title="bbox 271 1529 1715 1626; baseline -0.006 -22"><span class='ocrx_word' id='word_1_104' title='bbox 271 1537 328 1604; x_wconf 85' lang='grc' dir='ltr'><strong>τὸν</strong></span> <span class='ocrx_word' id='word_1_105' title='bbox 353 1537 515 1626; x_wconf 80' lang='grc' dir='ltr'><strong><em>αὐλητηρα</em></strong></span> <span class='ocrx_word' id='word_1_106' title='bbox 543 1532 601 1603; x_wconf 88' lang='grc' dir='ltr'><strong>τόν</strong></span> <span class='ocrx_word' id='word_1_107' title='bbox 629 1533 782 1619; x_wconf 81' lang='grc' dir='ltr'><strong><em>Σαβάζιον</em></strong></span> <span class='ocrx_word' id='word_1_108' title='bbox 812 1539 996 1622; x_wconf 86' lang='lat' dir='ltr'><strong>comparari</strong></span> <span class='ocrx_word' id='word_1_109' title='bbox 1026 1547 1139 1624; x_wconf 90' lang='lat' dir='ltr'><strong>posset</strong></span> <span class='ocrx_word' id='word_1_110' title='bbox 1172 1559 1248 1601; x_wconf 90' lang='lat' dir='ltr'><strong>eum</strong></span> <span class='ocrx_word' id='word_1_111' title='bbox 1280 1538 1410 1600; x_wconf 88' lang='lat' dir='ltr'><strong>nomine</strong></span> <span class='ocrx_word' id='word_1_112' title='bbox 1439 1529 1583 1618; x_wconf 79' lang='grc' dir='ltr'><strong>αὐλητής,</strong></span> <span class='ocrx_word' id='word_1_113' title='bbox 1613 1531 1715 1620; x_wconf 89' lang='lat' dir='ltr'><strong>quod,</strong></span> 
     </span>
    </p>
   </div>
   <div class='ocr_carea' id='block_1_3' title="bbox 171 1636 1713 1730">
    <p class='ocr_par' dir='ltr' id='par_1_3' title="bbox 171 1636 1713 1730">
     <span class='ocr_line' id='line_1_12' title="bbox 171 1636 1713 1730; baseline -0.006 -21"><span class='ocrx_word' id='word_1_114' title='bbox 171 1722 173 1727; x_wconf 68' lang='lat'>,</span> <span class='ocrx_word' id='word_1_115' title='bbox 274 1646 334 1708; x_wconf 89' lang='lat' dir='ltr'><strong>etsi</strong></span> <span class='ocrx_word' id='word_1_116' title='bbox 355 1666 516 1730; x_wconf 88' lang='lat' dir='ltr'><strong>nusquam</strong></span> <span class='ocrx_word' id='word_1_117' title='bbox 545 1641 674 1726; x_wconf 83' lang='lat' dir='ltr'><strong>legitur,</strong></span> <span class='ocrx_word' id='word_1_118' title='bbox 698 1642 832 1706; x_wconf 83' lang='lat' dir='ltr'><strong>formari</strong></span> <span class='ocrx_word' id='word_1_119' title='bbox 855 1649 963 1705; x_wconf 89' lang='lat' dir='ltr'><strong>tamen</strong></span> <span class='ocrx_word' id='word_1_120' title='bbox 986 1643 1093 1724; x_wconf 91' lang='lat' dir='ltr'><strong>potuit</strong></span> <span class='ocrx_word' id='word_1_121' title='bbox 1117 1663 1136 1704; x_wconf 94' lang='lat' dir='ltr'><strong>a</strong></span> <span class='ocrx_word' id='word_1_122' title='bbox 1159 1641 1295 1717; x_wconf 89' lang='lat' dir='ltr'><strong>comico,</strong></span> <span class='ocrx_word' id='word_1_123' title='bbox 1316 1640 1378 1703; x_wconf 91' lang='lat' dir='ltr'><strong>nisi</strong></span> <span class='ocrx_word' id='word_1_124' title='bbox 1394 1639 1615 1724; x_wconf 84' lang='lat' dir='ltr'><strong>fragmentum</strong></span> <span class='ocrx_word' id='word_1_125' title='bbox 1630 1636 1713 1702; x_wconf 92' lang='lat' dir='ltr'><strong>illud</strong></span> 
     </span>
    </p>
   </div>
   <div class='ocr_carea' id='block_1_4' title="bbox 272 1742 1715 2136">
    <p class='ocr_par' dir='ltr' id='par_1_4' title="bbox 272 1742 1715 2136">
     <span class='ocr_line' id='line_1_13' title="bbox 273 1742 1714 1829; baseline -0.006 -17"><span class='ocrx_word' id='word_1_126' title='bbox 273 1747 362 1812; x_wconf 91' lang='lat' dir='ltr'><strong>elate</strong></span> <span class='ocrx_word' id='word_1_127' title='bbox 382 1747 505 1811; x_wconf 89' lang='lat' dir='ltr'><strong>dictum</strong></span> <span class='ocrx_word' id='word_1_128' title='bbox 530 1766 600 1809; x_wconf 91' lang='lat' dir='ltr'><strong>esse</strong></span> <span class='ocrx_word' id='word_1_129' title='bbox 623 1765 685 1829; x_wconf 92' lang='lat' dir='ltr'><strong>per</strong></span> <span class='ocrx_word' id='word_1_130' title='bbox 707 1765 741 1808; x_wconf 93' lang='lat' dir='ltr'><strong>se</strong></span> <span class='ocrx_word' id='word_1_131' title='bbox 764 1752 951 1826; x_wconf 78' lang='lat' dir='ltr'><strong>appareret.</strong></span> <span class='ocrx_word' id='word_1_132' title='bbox 995 1743 1087 1808; x_wconf 92' lang='lat' dir='ltr'><strong>Illius</strong></span> <span class='ocrx_word' id='word_1_133' title='bbox 1110 1751 1221 1807; x_wconf 91' lang='lat' dir='ltr'><strong>autem</strong></span> <span class='ocrx_word' id='word_1_134' title='bbox 1250 1763 1328 1806; x_wconf 90' lang='lat' dir='ltr'><strong>usus</strong></span> <span class='ocrx_word' id='word_1_135' title='bbox 1351 1742 1589 1826; x_wconf 89' lang='lat' dir='ltr'><strong>circumscripti</strong></span> <span class='ocrx_word' id='word_1_136' title='bbox 1612 1762 1714 1806; x_wconf 89' lang='lat' dir='ltr'><strong>cansa</strong></span> 
     </span>
     <span class='ocr_line' id='line_1_14' title="bbox 272 1832 1715 1934; baseline -0.005 -22"><span class='ocrx_word' id='word_1_137' title='bbox 272 1847 455 1934; x_wconf 88' lang='lat' dir='ltr'><strong>repetenda</strong></span> <span class='ocrx_word' id='word_1_138' title='bbox 486 1857 534 1912; x_wconf 91' lang='lat' dir='ltr'><strong>est</strong></span> <span class='ocrx_word' id='word_1_139' title='bbox 564 1869 583 1910; x_wconf 92' lang='lat' dir='ltr'><strong>a</strong></span> <span class='ocrx_word' id='word_1_140' title='bbox 612 1845 798 1930; x_wconf 88' lang='lat' dir='ltr'><strong>significatu</strong></span> <span class='ocrx_word' id='word_1_141' title='bbox 828 1847 958 1911; x_wconf 86' lang='lat' dir='ltr'><strong>diverso</strong></span> <span class='ocrx_word' id='word_1_142' title='bbox 990 1858 1022 1909; x_wconf 94' lang='lat' dir='ltr'><strong>et</strong></span> <span class='ocrx_word' id='word_1_143' title='bbox 1046 1845 1293 1929; x_wconf 78' lang='lat' dir='ltr'><strong>diligentissime</strong></span> <span class='ocrx_word' id='word_1_144' title='bbox 1331 1832 1483 1908; x_wconf 86' lang='lat' dir='ltr'><strong>distincto</strong></span> <span class='ocrx_word' id='word_1_145' title='bbox 1494 1844 1518 1922; x_wconf 87' lang='lat'><strong>¹)</strong></span> <span class='ocrx_word' id='word_1_146' title='bbox 1549 1866 1614 1908; x_wconf 91' lang='lat' dir='ltr'><strong>non</strong></span> <span class='ocrx_word' id='word_1_147' title='bbox 1644 1851 1715 1906; x_wconf 88' lang='lat' dir='ltr'><strong>tam</strong></span> 
     </span>
     <span class='ocr_line' id='line_1_15' title="bbox 274 1945 1715 2035; baseline -0.006 -19"><span class='ocrx_word' id='word_1_148' title='bbox 274 1949 471 2016; x_wconf 86' lang='lat' dir='ltr'><strong>suffixorum</strong></span> <span class='ocrx_word' id='word_1_149' title='bbox 498 1971 595 2035; x_wconf 90' lang='lat' dir='ltr'><strong>qnam</strong></span> <span class='ocrx_word' id='word_1_150' title='bbox 616 1949 794 2030; x_wconf 88' lang='lat' dir='ltr'><strong>notionum,</strong></span> <span class='ocrx_word' id='word_1_151' title='bbox 818 1948 861 2013; x_wconf 89' lang='lat' dir='ltr'><strong>ad</strong></span> <span class='ocrx_word' id='word_1_152' title='bbox 885 1971 966 2034; x_wconf 88' lang='lat' dir='ltr'><strong>quas</strong></span> <span class='ocrx_word' id='word_1_153' title='bbox 990 1946 1207 2032; x_wconf 87' lang='lat' dir='ltr'><strong>designandas</strong></span> <span class='ocrx_word' id='word_1_154' title='bbox 1230 1945 1350 2012; x_wconf 87' lang='lat' dir='ltr'><strong>suffixa</strong></span> <span class='ocrx_word' id='word_1_155' title='bbox 1369 1947 1426 2012; x_wconf 92' lang='lat' dir='ltr'><strong>illa</strong></span> <span class='ocrx_word' id='word_1_156' title='bbox 1457 1945 1715 2032; x_wconf 86' lang='lat' dir='ltr'><strong>usurpabantur.</strong></span> 
     </span>
     <span class='ocr_line' id='line_1_16' title="bbox 274 2049 1105 2136; baseline -0.005 -18"><span class='ocrx_word' id='word_1_157' title='bbox 274 2055 360 2120; x_wconf 89' lang='lat' dir='ltr'><strong>Eum</strong></span> <span class='ocrx_word' id='word_1_158' title='bbox 381 2063 491 2118; x_wconf 90' lang='lat' dir='ltr'><strong>autem</strong></span> <span class='ocrx_word' id='word_1_159' title='bbox 513 2049 730 2136; x_wconf 89' lang='lat' dir='ltr'><strong>significatum</strong></span> <span class='ocrx_word' id='word_1_160' title='bbox 751 2074 839 2117; x_wconf 90' lang='lat' dir='ltr'><strong>nunc</strong></span> <span class='ocrx_word' id='word_1_161' title='bbox 862 2072 1105 2135; x_wconf 77' lang='lat' dir='ltr'><strong>cognoscemus.</strong></span> 
     </span>
    </p>
   </div>
   <div class='ocr_carea' id='block_1_5' title="bbox 890 2257 1095 2268">
    <p class='ocr_par' dir='ltr' id='par_1_5' title="bbox 890 2257 1095 2268">
     <span class='ocr_line' id='line_1_17' title="bbox 890 2257 1095 2268; baseline -0.015 0"><span class='ocrx_word' id='word_1_162' title='bbox 890 2257 1095 2268; x_wconf 75' lang='lat'><strong>.—</strong></span> 
     </span>
    </p>
   </div>
   <div class='ocr_carea' id='block_1_6' title="bbox 844 2391 1146 2462">
    <p class='ocr_par' dir='ltr' id='par_1_6' title="bbox 844 2391 1146 2462">
     <span class='ocr_line' id='line_1_18' title="bbox 844 2391 1146 2462; baseline -0.003 -1"><span class='ocrx_word' id='word_1_163' title='bbox 844 2391 942 2462; x_wconf 89' lang='lat' dir='ltr'><strong>Pars</strong></span> <span class='ocrx_word' id='word_1_164' title='bbox 964 2391 1146 2462; x_wconf 86' lang='lat' dir='ltr'><strong>Secunda.</strong></span> 
     </span>
    </p>
   </div>
   <div class='ocr_carea' id='block_1_7' title="bbox 270 2527 1719 4767">
    <p class='ocr_par' dir='ltr' id='par_1_7' title="bbox 270 2527 1717 3232">
     <span class='ocr_line' id='line_1_19' title="bbox 376 2527 1715 2613; baseline -0.004 -18"><span class='ocrx_word' id='word_1_165' title='bbox 376 2530 569 2597; x_wconf 89' lang='lat' dir='ltr'><strong>Nominibus</strong></span> <span class='ocrx_word' id='word_1_166' title='bbox 592 2535 625 2597; x_wconf 91' lang='grc'><strong>111</strong></span> <span class='ocrx_word' id='word_1_167' title='bbox 647 2553 711 2613; x_wconf 87' lang='grc' dir='ltr'><strong>τωρ</strong></span> <span class='ocrx_word' id='word_1_168' title='bbox 735 2531 937 2612; x_wconf 82' lang='lat' dir='ltr'><strong>significatur</strong></span> <span class='ocrx_word' id='word_1_169' title='bbox 967 2533 994 2594; x_wconf 93' lang='lat' dir='ltr'><strong>is</strong></span> <span class='ocrx_word' id='word_1_170' title='bbox 1018 2541 1085 2612; x_wconf 89' lang='lat' dir='ltr'><strong>aut,</strong></span> <span class='ocrx_word' id='word_1_171' title='bbox 1107 2551 1182 2594; x_wconf 90' lang='lat' dir='ltr'><strong>eum</strong></span> <span class='ocrx_word' id='word_1_172' title='bbox 1203 2529 1358 2593; x_wconf 87' lang='lat' dir='ltr'><strong>feminina</strong></span> <span class='ocrx_word' id='word_1_173' title='bbox 1380 2527 1485 2592; x_wconf 80' lang='lat' dir='ltr'><strong>torma</strong></span> <span class='ocrx_word' id='word_1_174' title='bbox 1508 2550 1572 2592; x_wconf 92' lang='lat' dir='ltr'><strong>non</strong></span> <span class='ocrx_word' id='word_1_175' title='bbox 1597 2535 1715 2608; x_wconf 86' lang='lat' dir='ltr'><strong>exstet,</strong></span> 
     </span>
     <span class='ocr_line' id='line_1_20' title="bbox 272 2628 1713 2722; baseline -0.003 -24"><span class='ocrx_word' id='word_1_176' title='bbox 272 2656 321 2715; x_wconf 91' lang='lat' dir='ltr'><strong>ea,</strong></span> <span class='ocrx_word' id='word_1_177' title='bbox 344 2636 400 2720; x_wconf 91' lang='lat' dir='ltr'><strong>qui</strong></span> <span class='ocrx_word' id='word_1_178' title='bbox 423 2646 480 2699; x_wconf 91' lang='lat' dir='ltr'><strong>aut</strong></span> <span class='ocrx_word' id='word_1_179' title='bbox 504 2658 588 2722; x_wconf 90' lang='lat' dir='ltr'><strong>quae</strong></span> <span class='ocrx_word' id='word_1_180' title='bbox 611 2633 741 2718; x_wconf 90' lang='lat' dir='ltr'><strong>perficit</strong></span> <span class='ocrx_word' id='word_1_181' title='bbox 764 2635 934 2716; x_wconf 88' lang='lat' dir='ltr'><strong>actionem,</strong></span> <span class='ocrx_word' id='word_1_182' title='bbox 965 2656 1050 2719; x_wconf 90' lang='lat' dir='ltr'><strong>quae</strong></span> <span class='ocrx_word' id='word_1_183' title='bbox 1082 2634 1115 2696; x_wconf 92' lang='lat' dir='ltr'><strong>in</strong></span> <span class='ocrx_word' id='word_1_184' title='bbox 1143 2633 1247 2696; x_wconf 89' lang='lat' dir='ltr'><strong>verbo</strong></span> <span class='ocrx_word' id='word_1_185' title='bbox 1276 2633 1370 2712; x_wconf 90' lang='lat' dir='ltr'><strong>inest,</strong></span> <span class='ocrx_word' id='word_1_186' title='bbox 1400 2652 1464 2716; x_wconf 91' lang='lat' dir='ltr'><strong>qua</strong></span> <span class='ocrx_word' id='word_1_187' title='bbox 1496 2631 1529 2694; x_wconf 93' lang='lat' dir='ltr'><strong>in</strong></span> <span class='ocrx_word' id='word_1_188' title='bbox 1562 2651 1598 2693; x_wconf 89' lang='lat' dir='ltr'><strong>re</strong></span> <span class='ocrx_word' id='word_1_189' title='bbox 1629 2628 1713 2694; x_wconf 91' lang='lat' dir='ltr'><strong>nihil</strong></span> 
     </span>
     <span class='ocr_line' id='line_1_21' title="bbox 271 2731 1715 2822; baseline -0.004 -22"><span class='ocrx_word' id='word_1_190' title='bbox 271 2737 396 2801; x_wconf 89' lang='lat' dir='ltr'><strong>referre</strong></span> <span class='ocrx_word' id='word_1_191' title='bbox 419 2737 557 2802; x_wconf 88' lang='lat' dir='ltr'><strong>verbum</strong></span> <span class='ocrx_word' id='word_1_192' title='bbox 580 2737 660 2802; x_wconf 92' lang='lat' dir='ltr'><strong>illud</strong></span> <span class='ocrx_word' id='word_1_193' title='bbox 683 2739 812 2821; x_wconf 91' lang='lat' dir='ltr'><strong>generis</strong></span> <span class='ocrx_word' id='word_1_194' title='bbox 834 2758 1079 2822; x_wconf 83' lang='lat' dir='ltr'><strong>nonnumquam</strong></span> <span class='ocrx_word' id='word_1_195' title='bbox 1101 2734 1201 2799; x_wconf 92' lang='lat' dir='ltr'><strong>medii</strong></span> <span class='ocrx_word' id='word_1_196' title='bbox 1224 2755 1294 2798; x_wconf 91' lang='lat' dir='ltr'><strong>esse</strong></span> <span class='ocrx_word' id='word_1_197' title='bbox 1323 2736 1381 2798; x_wconf 82' lang='lat' dir='ltr'><strong>vix</strong></span> <span class='ocrx_word' id='word_1_198' title='bbox 1411 2745 1459 2796; x_wconf 91' lang='lat' dir='ltr'><strong>est</strong></span> <span class='ocrx_word' id='word_1_199' title='bbox 1482 2731 1572 2818; x_wconf 89' lang='lat' dir='ltr'><strong>quod</strong></span> <span class='ocrx_word' id='word_1_200' title='bbox 1594 2733 1715 2813; x_wconf 87' lang='lat' dir='ltr'><strong>dicam,</strong></span> 
     </span>
     <span class='ocr_line' id='line_1_22' title="bbox 270 2831 1714 2925; baseline -0.002 -25"><span class='ocrx_word' id='word_1_201' title='bbox 270 2837 363 2903; x_wconf 85' lang='lat' dir='ltr'><strong>velut</strong></span> <span class='ocrx_word' id='word_1_202' title='bbox 385 2838 524 2925; x_wconf 89' lang='lat' dir='ltr'><strong>legimus</strong></span> <span class='ocrx_word' id='word_1_203' title='bbox 546 2839 599 2906; x_wconf 86' lang='lat' dir='ltr'><strong>Se.</strong></span> <span class='ocrx_word' id='word_1_204' title='bbox 623 2841 687 2905; x_wconf 87' lang='lat'><strong>305</strong></span> <span class='ocrx_word' id='word_1_205' title='bbox 708 2840 760 2902; x_wconf 86' lang='grc' dir='ltr'><strong>καὶ</strong></span> <span class='ocrx_word' id='word_1_206' title='bbox 781 2837 905 2910; x_wconf 84' lang='grc' dir='ltr'><strong><em>πόλεως</em></strong></span> <span class='ocrx_word' id='word_1_207' title='bbox 927 2833 1059 2921; x_wconf 75' lang='grc' dir='ltr'><strong><em>ῥύτορες</em></strong></span> <span class='ocrx_word' id='word_1_208' title='bbox 1081 2831 1232 2921; x_wconf 75' lang='grc' dir='ltr'><strong>στάθητε,</strong></span> <span class='ocrx_word' id='word_1_209' title='bbox 1262 2836 1315 2901; x_wconf 86' lang='lat' dir='ltr'><strong>Se.</strong></span> <span class='ocrx_word' id='word_1_210' title='bbox 1339 2837 1403 2901; x_wconf 82' lang='lat'><strong>280</strong></span> <span class='ocrx_word' id='word_1_211' title='bbox 1425 2831 1639 2918; x_wconf 79' lang='grc' dir='ltr'><strong><em>δνσεννάτωρ,</em></strong></span> <span class='ocrx_word' id='word_1_212' title='bbox 1671 2834 1714 2913; x_wconf 67' lang='lat' dir='ltr'><strong>al,</strong></span> 
     </span>
     <span class='ocr_line' id='line_1_23' title="bbox 273 2937 1715 3026; baseline -0.003 -21"><span class='ocrx_word' id='word_1_213' title='bbox 273 2939 487 3007; x_wconf 83' lang='lat' dir='ltr'><strong>Substantiva</strong></span> <span class='ocrx_word' id='word_1_214' title='bbox 512 2954 622 3008; x_wconf 90' lang='lat' dir='ltr'><strong>autem</strong></span> <span class='ocrx_word' id='word_1_215' title='bbox 648 2966 668 3008; x_wconf 91' lang='lat' dir='ltr'><strong>a</strong></span> <span class='ocrx_word' id='word_1_216' title='bbox 694 2944 826 3026; x_wconf 84' lang='lat' dir='ltr'><strong>tragicis</strong></span> <span class='ocrx_word' id='word_1_217' title='bbox 854 2940 1049 3006; x_wconf 84' lang='lat' dir='ltr'><strong>dicebantur</strong></span> <span class='ocrx_word' id='word_1_218' title='bbox 1079 2940 1120 3006; x_wconf 90' lang='lat' dir='ltr'><strong>de</strong></span> <span class='ocrx_word' id='word_1_219' title='bbox 1146 2939 1331 3003; x_wconf 89' lang='lat' dir='ltr'><strong>hominibus</strong></span> <span class='ocrx_word' id='word_1_220' title='bbox 1363 2947 1596 3020; x_wconf 80' lang='grc' dir='ltr'>1011111111,ου11</span> <span class='ocrx_word' id='word_1_221' title='bbox 1623 2937 1715 3020; x_wconf 89' lang='lat' dir='ltr'><strong>apud</strong></span> 
     </span>
     <span class='ocr_line' id='line_1_24' title="bbox 271 3035 1717 3131; baseline -0.001 -25"><span class='ocrx_word' id='word_1_222' title='bbox 271 3041 454 3108; x_wconf 90' lang='lat' dir='ltr'><strong>Homerum</strong></span> <span class='ocrx_word' id='word_1_223' title='bbox 476 3043 656 3110; x_wconf 90' lang='lat' dir='ltr'><strong>secundum</strong></span> <span class='ocrx_word' id='word_1_224' title='bbox 678 3045 744 3127; x_wconf 85' lang='lat' dir='ltr'><strong>illa,</strong></span> <span class='ocrx_word' id='word_1_225' title='bbox 769 3046 907 3131; x_wconf 90' lang='lat' dir='ltr'><strong>quaein</strong></span> <span class='ocrx_word' id='word_1_226' title='bbox 928 3066 988 3128; x_wconf 93' lang='grc' dir='ltr'><strong>τηρ</strong></span> <span class='ocrx_word' id='word_1_227' title='bbox 1012 3052 1142 3124; x_wconf 87' lang='lat' dir='ltr'><strong>exeunt,</strong></span> <span class='ocrx_word' id='word_1_228' title='bbox 1166 3042 1197 3104; x_wconf 89' lang='grc' dir='ltr'><em>Ω</em></span> <span class='ocrx_word' id='word_1_229' title='bbox 1218 3043 1282 3108; x_wconf 80' lang='grc'><strong>212</strong></span> <span class='ocrx_word' id='word_1_230' title='bbox 1308 3035 1410 3121; x_wconf 75' lang='grc' dir='ltr'><strong><em>ἕστωρ</em></strong></span> <span class='ocrx_word' id='word_1_231' title='bbox 1444 3040 1572 3105; x_wconf 89' lang='lat' dir='ltr'><strong>dicatur</strong></span> <span class='ocrx_word' id='word_1_232' title='bbox 1598 3039 1717 3104; x_wconf 88' lang='lat' dir='ltr'><strong>clavus</strong></span> 
     </span>
     <span class='ocr_line' id='line_1_25' title="bbox 273 3127 1292 3232; baseline 0.004 -23"><span class='ocrx_word' id='word_1_233' title='bbox 273 3147 429 3211; x_wconf 83' lang='lat' dir='ltr'><strong>anteriori</strong></span> <span class='ocrx_word' id='word_1_234' title='bbox 450 3151 538 3232; x_wconf 91' lang='lat' dir='ltr'><strong>parti</strong></span> <span class='ocrx_word' id='word_1_235' title='bbox 559 3150 696 3212; x_wconf 90' lang='lat' dir='ltr'><strong>temonis</strong></span> <span class='ocrx_word' id='word_1_236' title='bbox 719 3150 891 3214; x_wconf 88' lang='lat' dir='ltr'><strong>immissus.</strong></span> <span class='ocrx_word' id='word_1_237' title='bbox 1281 3127 1292 3143; x_wconf 29' lang='grc' dir='ltr'><strong><em>Λ</em></strong></span> 
     </span>
    </p>

    <p class='ocr_par' dir='ltr' id='par_1_8' title="bbox 272 3243 1717 4461">
     <span class='ocr_line' id='line_1_26' title="bbox 381 3243 1716 3331; baseline -0.002 -18"><span class='ocrx_word' id='word_1_238' title='bbox 381 3247 533 3314; x_wconf 87' lang='grc'>00111000</span> <span class='ocrx_word' id='word_1_239' title='bbox 557 3273 600 3314; x_wconf 88' lang='lat' dir='ltr'><strong>ex</strong></span> <span class='ocrx_word' id='word_1_240' title='bbox 621 3251 670 3314; x_wconf 84' lang='grc'>1110</span> <span class='ocrx_word' id='word_1_241' title='bbox 692 3251 877 3314; x_wconf 87' lang='lat' dir='ltr'><strong>nominibus</strong></span> <span class='ocrx_word' id='word_1_242' title='bbox 908 3272 1008 3314; x_wconf 90' lang='lat' dir='ltr'><strong>unum</strong></span> <span class='ocrx_word' id='word_1_243' title='bbox 1037 3243 1144 3331; x_wconf 79' lang='grc' dir='ltr'><strong><em>ρ’ἡτωρ</em></strong></span> <span class='ocrx_word' id='word_1_244' title='bbox 1168 3251 1298 3313; x_wconf 90' lang='lat' dir='ltr'><strong>novisse</strong></span> <span class='ocrx_word' id='word_1_245' title='bbox 1321 3249 1386 3312; x_wconf 90' lang='lat' dir='ltr'><strong>iam</strong></span> <span class='ocrx_word' id='word_1_246' title='bbox 1418 3245 1496 3326; x_wconf 86' lang='lat' dir='ltr'><strong>dixi,</strong></span> <span class='ocrx_word' id='word_1_247' title='bbox 1527 3245 1716 3328; x_wconf 88' lang='lat' dir='ltr'><strong>significatu</strong></span> 
     </span>
     <span class='ocr_line' id='line_1_27' title="bbox 272 3349 1716 3438; baseline 0 -26"><span class='ocrx_word' id='word_1_248' title='bbox 272 3349 430 3415; x_wconf 87' lang='grc'>11101010</span> <span class='ocrx_word' id='word_1_249' title='bbox 453 3351 892 3438; x_wconf 87' lang='lat' dir='ltr'><strong>praeditum,quiips0rum</strong></span> <span class='ocrx_word' id='word_1_250' title='bbox 913 3353 1100 3416; x_wconf 88' lang='lat' dir='ltr'><strong>Atticorum</strong></span> <span class='ocrx_word' id='word_1_251' title='bbox 1130 3350 1271 3416; x_wconf 89' lang='lat' dir='ltr'><strong>dialecto</strong></span> <span class='ocrx_word' id='word_1_252' title='bbox 1302 3349 1438 3414; x_wconf 88' lang='lat' dir='ltr'><strong>effeetus</strong></span> <span class='ocrx_word' id='word_1_253' title='bbox 1469 3369 1538 3414; x_wconf 91' lang='lat' dir='ltr'><strong>esse</strong></span> <span class='ocrx_word' id='word_1_254' title='bbox 1570 3349 1716 3428; x_wconf 86' lang='lat' dir='ltr'><strong>videtur,</strong></span> 
     </span>
     <span class='ocr_line' id='line_1_28' title="bbox 273 3449 1715 3540; baseline -0.001 -25"><span class='ocrx_word' id='word_1_255' title='bbox 273 3454 396 3538; x_wconf 89' lang='lat' dir='ltr'><strong>quippe</strong></span> <span class='ocrx_word' id='word_1_256' title='bbox 420 3454 509 3539; x_wconf 91' lang='lat' dir='ltr'><strong>apud</strong></span> <span class='ocrx_word' id='word_1_257' title='bbox 539 3477 621 3540; x_wconf 92' lang='lat' dir='ltr'><strong>quos</strong></span> <span class='ocrx_word' id='word_1_258' title='bbox 655 3455 742 3520; x_wconf 86' lang='lat' dir='ltr'><strong>solos</strong></span> <span class='ocrx_word' id='word_1_259' title='bbox 775 3449 912 3538; x_wconf 80' lang='grc' dir='ltr'><strong><em>ῥήτορες</em></strong></span> <span class='ocrx_word' id='word_1_260' title='bbox 943 3456 1137 3520; x_wconf 87' lang='lat' dir='ltr'><strong>exstiterint.</strong></span> <span class='ocrx_word' id='word_1_261' title='bbox 1182 3454 1284 3539; x_wconf 89' lang='lat' dir='ltr'><strong>Apud</strong></span> <span class='ocrx_word' id='word_1_262' title='bbox 1313 3451 1494 3517; x_wconf 88' lang='lat' dir='ltr'><strong>Homerum</strong></span> <span class='ocrx_word' id='word_1_263' title='bbox 1526 3453 1625 3518; x_wconf 89' lang='lat' dir='ltr'><strong>enim·</strong></span> <span class='ocrx_word' id='word_1_264' title='bbox 1651 3451 1715 3515; x_wconf 92' lang='lat' dir='ltr'><strong>hoc</strong></span> 
     </span>
     <span class='ocr_line' id='line_1_29' title="bbox 272 3553 1715 3642; baseline -0.001 -24"><span class='ocrx_word' id='word_1_265' title='bbox 272 3576 391 3618; x_wconf 91' lang='lat' dir='ltr'><strong>nomen</strong></span> <span class='ocrx_word' id='word_1_266' title='bbox 414 3558 544 3621; x_wconf 91' lang='lat' dir='ltr'><strong>omnino</strong></span> <span class='ocrx_word' id='word_1_267' title='bbox 566 3578 630 3621; x_wconf 91' lang='lat' dir='ltr'><strong>non</strong></span> <span class='ocrx_word' id='word_1_268' title='bbox 653 3557 783 3641; x_wconf 87' lang='lat' dir='ltr'><strong>legitur,</strong></span> <span class='ocrx_word' id='word_1_269' title='bbox 808 3579 915 3642; x_wconf 90' lang='lat' dir='ltr'><strong>neque</strong></span> <span class='ocrx_word' id='word_1_270' title='bbox 938 3554 1028 3640; x_wconf 90' lang='lat' dir='ltr'><strong>apud</strong></span> <span class='ocrx_word' id='word_1_271' title='bbox 1046 3558 1191 3638; x_wconf 87' lang='lat' dir='ltr'><strong>tragicos</strong></span> <span class='ocrx_word' id='word_1_272' title='bbox 1221 3557 1291 3620; x_wconf 90' lang='lat' dir='ltr'><strong>eius</strong></span> <span class='ocrx_word' id='word_1_273' title='bbox 1312 3555 1362 3618; x_wconf 90' lang='lat' dir='ltr'><strong>vis</strong></span> <span class='ocrx_word' id='word_1_274' title='bbox 1384 3553 1551 3618; x_wconf 89' lang='lat' dir='ltr'><strong>sollemnis</strong></span> <span class='ocrx_word' id='word_1_275' title='bbox 1573 3554 1629 3618; x_wconf 89' lang='lat' dir='ltr'><strong>illa</strong></span> <span class='ocrx_word' id='word_1_276' title='bbox 1652 3564 1715 3634; x_wconf 89' lang='lat' dir='ltr'><strong>est,</strong></span> 
     </span>
     <span class='ocr_line' id='line_1_30' title="bbox 274 3648 1714 3743; baseline -0.004 -20"><span class='ocrx_word' id='word_1_277' title='bbox 274 3679 372 3742; x_wconf 90' lang='lat' dir='ltr'><strong>quam</strong></span> <span class='ocrx_word' id='word_1_278' title='bbox 405 3659 582 3743; x_wconf 86' lang='lat' dir='ltr'><strong>Euripides</strong></span> <span class='ocrx_word' id='word_1_279' title='bbox 619 3682 646 3724; x_wconf 93' lang='lat' dir='ltr'><strong>e.</strong></span> <span class='ocrx_word' id='word_1_280' title='bbox 679 3681 722 3742; x_wconf 90' lang='lat' dir='ltr'><strong>g.‚</strong></span> <span class='ocrx_word' id='word_1_281' title='bbox 754 3682 795 3724; x_wconf 92' lang='lat' dir='ltr'><strong>ne</strong></span> <span class='ocrx_word' id='word_1_282' title='bbox 830 3657 992 3724; x_wconf 90' lang='lat' dir='ltr'><strong>vocabulo</strong></span> <span class='ocrx_word' id='word_1_283' title='bbox 1026 3648 1159 3740; x_wconf 76' lang='grc' dir='ltr'><strong><em>ῥήτορος</em></strong></span> <span class='ocrx_word' id='word_1_284' title='bbox 1189 3667 1347 3738; x_wconf 89' lang='lat' dir='ltr'><strong>uteretur,</strong></span> <span class='ocrx_word' id='word_1_285' title='bbox 1383 3667 1452 3721; x_wconf 93' lang='lat' dir='ltr'><strong>toto</strong></span> <span class='ocrx_word' id='word_1_286' title='bbox 1484 3677 1583 3720; x_wconf 87' lang='lat' dir='ltr'><strong>versu</strong></span> <span class='ocrx_word' id='word_1_287' title='bbox 1617 3657 1714 3740; x_wconf 89' lang='lat' dir='ltr'><strong>signi·</strong></span> 
     </span>
     <span class='ocr_line' id='line_1_31' title="bbox 274 3744 1715 3846; baseline -0.002 -22"><span class='ocrx_word' id='word_1_288' title='bbox 274 3759 396 3844; x_wconf 89' lang='lat' dir='ltr'><strong>ficavit,</strong></span> <span class='ocrx_word' id='word_1_289' title='bbox 420 3762 476 3846; x_wconf 91' lang='lat' dir='ltr'><strong>qui</strong></span> <span class='ocrx_word' id='word_1_290' title='bbox 498 3773 548 3825; x_wconf 93' lang='lat' dir='ltr'><strong>est</strong></span> <span class='ocrx_word' id='word_1_291' title='bbox 570 3762 618 3827; x_wconf 92' lang='lat' dir='ltr'><strong>Io.</strong></span> <span class='ocrx_word' id='word_1_292' title='bbox 642 3762 704 3828; x_wconf 81' lang='lat'><strong>602</strong></span> <span class='ocrx_word' id='word_1_293' title='bbox 725 3760 790 3823; x_wconf 80' lang='grc' dir='ltr'><strong>τῶν</strong></span> <span class='ocrx_word' id='word_1_294' title='bbox 823 3752 854 3823; x_wconf 83' lang='lat' dir='ltr'><strong>d’</strong></span> <span class='ocrx_word' id='word_1_295' title='bbox 883 3744 922 3822; x_wconf 81' lang='lat' dir='ltr'><strong>ari</strong></span> <span class='ocrx_word' id='word_1_296' title='bbox 951 3760 1062 3840; x_wconf 77' lang='grc' dir='ltr'><strong><em>λογίων</em></strong></span> <span class='ocrx_word' id='word_1_297' title='bbox 1087 3781 1123 3822; x_wconf 81' lang='grc' dir='ltr'><strong>τε</strong></span> <span class='ocrx_word' id='word_1_298' title='bbox 1147 3764 1319 3840; x_wconf 79' lang='grc' dir='ltr'><strong><em>χρωμένων</em></strong></span> <span class='ocrx_word' id='word_1_299' title='bbox 1347 3779 1384 3822; x_wconf 82' lang='grc' dir='ltr'><strong>τε</strong></span> <span class='ocrx_word' id='word_1_300' title='bbox 1412 3759 1452 3842; x_wconf 76' lang='grc' dir='ltr'><strong>τῇ</strong></span> <span class='ocrx_word' id='word_1_301' title='bbox 1484 3754 1589 3824; x_wconf 75' lang='grc' dir='ltr'><strong><em>πόλει.</em></strong></span> <span class='ocrx_word' id='word_1_302' title='bbox 1634 3755 1715 3821; x_wconf 93' lang='lat' dir='ltr'><strong>Ubi-</strong></span> 
     </span>
     <span class='ocr_line' id='line_1_32' title="bbox 276 3859 1715 3949; baseline -0.002 -23"><span class='ocrx_word' id='word_1_303' title='bbox 276 3885 415 3949; x_wconf 90' lang='lat' dir='ltr'><strong>cumque</strong></span> <span class='ocrx_word' id='word_1_304' title='bbox 438 3875 546 3928; x_wconf 90' lang='lat' dir='ltr'><strong>autem</strong></span> <span class='ocrx_word' id='word_1_305' title='bbox 570 3866 691 3948; x_wconf 88' lang='lat' dir='ltr'><strong>legitur</strong></span> <span class='ocrx_word' id='word_1_306' title='bbox 713 3864 775 3929; x_wconf 95' lang='lat' dir='ltr'><strong>hoc</strong></span> <span class='ocrx_word' id='word_1_307' title='bbox 795 3885 923 3945; x_wconf 90' lang='lat' dir='ltr'><strong>nomen,</strong></span> <span class='ocrx_word' id='word_1_308' title='bbox 947 3861 1129 3948; x_wconf 91' lang='lat' dir='ltr'><strong>simplicem</strong></span> <span class='ocrx_word' id='word_1_309' title='bbox 1159 3863 1254 3927; x_wconf 90' lang='lat' dir='ltr'><strong>verbi</strong></span> <span class='ocrx_word' id='word_1_310' title='bbox 1282 3864 1350 3925; x_wconf 88' lang='lat' dir='ltr'><strong>vim</strong></span> <span class='ocrx_word' id='word_1_311' title='bbox 1372 3863 1525 3942; x_wconf 77' lang='lat' dir='ltr'><strong>retinuit3</strong></span> <span class='ocrx_word' id='word_1_312' title='bbox 1550 3859 1649 3945; x_wconf 86' lang='lat' dir='ltr'><strong>Soph.</strong></span> <span class='ocrx_word' id='word_1_313' title='bbox 1672 3859 1715 3923; x_wconf 88' lang='lat' dir='ltr'><strong>fr.</strong></span> 
     </span>
     <span class='ocr_line' id='line_1_33' title="bbox 274 3958 1716 4051; baseline -0.004 -21"><span class='ocrx_word' id='word_1_314' title='bbox 274 3966 338 4032; x_wconf 89' lang='grc'><strong>986</strong></span> <span class='ocrx_word' id='word_1_315' title='bbox 360 3960 464 4050; x_wconf 79' lang='grc' dir='ltr'><strong><em>ῥήτωρ</em></strong></span> <span class='ocrx_word' id='word_1_316' title='bbox 487 3976 536 4030; x_wconf 87' lang='grc'><strong>001</strong></span> <span class='ocrx_word' id='word_1_317' title='bbox 567 3958 665 4047; x_wconf 61' lang='lat' dir='ltr'><strong>tirno</strong></span> <span class='ocrx_word' id='word_1_318' title='bbox 686 3964 771 4029; x_wconf 86' lang='grc' dir='ltr'><strong><em>ἰδίαν</em></strong></span> <span class='ocrx_word' id='word_1_319' title='bbox 792 3958 986 4047; x_wconf 84' lang='grc' dir='ltr'><strong><em>α’ττοφαίνων</em></strong></span> <span class='ocrx_word' id='word_1_320' title='bbox 1008 3962 1134 4048; x_wconf 80' lang='grc' dir='ltr'><strong><em>γνώμην</em></strong></span> <span class='ocrx_word' id='word_1_321' title='bbox 1152 3962 1270 4048; x_wconf 73' lang='grc' dir='ltr'><strong><em>τρίτης,</em></strong></span> <span class='ocrx_word' id='word_1_322' title='bbox 1292 3962 1388 4051; x_wconf 53' lang='lat' dir='ltr'><strong>§apud</strong></span> <span class='ocrx_word' id='word_1_323' title='bbox 1419 3962 1609 4051; x_wconf 84' lang='lat' dir='ltr'><strong>Euripidem</strong></span> <span class='ocrx_word' id='word_1_324' title='bbox 1640 3973 1716 4026; x_wconf 87' lang='lat' dir='ltr'><strong>sunt</strong></span> 
     </span>
     <span class='ocr_line' id='line_1_34' title="bbox 281 4063 1715 4154; baseline -0.003 -22"><span class='ocrx_word' id='word_1_325' title='bbox 281 4067 363 4133; x_wconf 91' lang='lat' dir='ltr'><strong>Hec.</strong></span> <span class='ocrx_word' id='word_1_326' title='bbox 389 4069 450 4134; x_wconf 81' lang='lat'><strong>124</strong></span> <span class='ocrx_word' id='word_1_327' title='bbox 465 4063 595 4152; x_wconf 83' lang='grc' dir='ltr'><strong><em>ῥήτορες</em></strong></span> <span class='ocrx_word' id='word_1_328' title='bbox 614 4066 730 4147; x_wconf 78' lang='grc' dir='ltr'><strong><em>μίθων</em></strong></span> <span class='ocrx_word' id='word_1_329' title='bbox 752 4070 792 4150; x_wconf 90' lang='grc'><strong>01,</strong></span> <span class='ocrx_word' id='word_1_330' title='bbox 814 4070 869 4154; x_wconf 87' lang='lat' dir='ltr'><strong>qui</strong></span> <span class='ocrx_word' id='word_1_331' title='bbox 890 4077 980 4132; x_wconf 88' lang='lat' dir='ltr'><strong>certa</strong></span> <span class='ocrx_word' id='word_1_332' title='bbox 1000 4067 1056 4133; x_wconf 94' lang='lat' dir='ltr'><strong>illa</strong></span> <span class='ocrx_word' id='word_1_333' title='bbox 1072 4067 1175 4132; x_wconf 88' lang='lat' dir='ltr'><strong>verba</strong></span> <span class='ocrx_word' id='word_1_334' title='bbox 1189 4069 1223 4132; x_wconf 93' lang='lat' dir='ltr'><strong>in</strong></span> <span class='ocrx_word' id='word_1_335' title='bbox 1239 4069 1376 4131; x_wconf 89' lang='lat' dir='ltr'><strong>concilio</strong></span> <span class='ocrx_word' id='word_1_336' title='bbox 1395 4069 1530 4132; x_wconf 79' lang='lat' dir='ltr'><strong>faciunt.</strong></span> <span class='ocrx_word' id='word_1_337' title='bbox 1576 4063 1715 4129; x_wconf 87' lang='lat' dir='ltr'><strong>Sollem-</strong></span> 
     </span>
     <span class='ocr_line' id='line_1_35' title="bbox 274 4166 1717 4255; baseline -0.003 -21"><span class='ocrx_word' id='word_1_338' title='bbox 274 4194 350 4236; x_wconf 90' lang='lat' dir='ltr'><strong>nem</strong></span> <span class='ocrx_word' id='word_1_339' title='bbox 368 4183 478 4236; x_wconf 88' lang='lat' dir='ltr'><strong>autem</strong></span> <span class='ocrx_word' id='word_1_340' title='bbox 501 4172 594 4236; x_wconf 91' lang='lat' dir='ltr'><strong>illum</strong></span> <span class='ocrx_word' id='word_1_341' title='bbox 617 4172 835 4255; x_wconf 88' lang='lat' dir='ltr'><strong>significatum</strong></span> <span class='ocrx_word' id='word_1_342' title='bbox 858 4173 1040 4236; x_wconf 91' lang='lat' dir='ltr'><strong>invenimus</strong></span> <span class='ocrx_word' id='word_1_343' title='bbox 1062 4191 1127 4235; x_wconf 92' lang='lat' dir='ltr'><strong>uno</strong></span> <span class='ocrx_word' id='word_1_344' title='bbox 1149 4170 1228 4235; x_wconf 89' lang='lat' dir='ltr'><strong>Eur.</strong></span> <span class='ocrx_word' id='word_1_345' title='bbox 1251 4169 1291 4236; x_wconf 83' lang='lat' dir='ltr'><strong>fr.</strong></span> <span class='ocrx_word' id='word_1_346' title='bbox 1307 4169 1381 4252; x_wconf 77' lang='lat'><strong>597,</strong></span> <span class='ocrx_word' id='word_1_347' title='bbox 1404 4167 1580 4234; x_wconf 92' lang='lat' dir='ltr'><strong>ePerithoi</strong></span> <span class='ocrx_word' id='word_1_348' title='bbox 1603 4166 1717 4231; x_wconf 88' lang='lat' dir='ltr'><strong>fabula</strong></span> 
     </span>
     <span class='ocr_line' id='line_1_36' title="bbox 276 4270 1716 4360; baseline -0.003 -22"><span class='ocrx_word' id='word_1_349' title='bbox 276 4284 417 4360; x_wconf 86' lang='lat' dir='ltr'><strong>sumpto,</strong></span> <span class='ocrx_word' id='word_1_350' title='bbox 446 4275 488 4338; x_wconf 94' lang='lat' dir='ltr'><strong>de</strong></span> <span class='ocrx_word' id='word_1_351' title='bbox 518 4274 610 4338; x_wconf 90' lang='lat' dir='ltr'><strong>cuius</strong></span> <span class='ocrx_word' id='word_1_352' title='bbox 639 4284 747 4338; x_wconf 91' lang='lat' dir='ltr'><strong>tamen</strong></span> <span class='ocrx_word' id='word_1_353' title='bbox 778 4287 911 4338; x_wconf 88' lang='lat' dir='ltr'><strong>anctore</strong></span> <span class='ocrx_word' id='word_1_354' title='bbox 946 4272 1097 4337; x_wconf 88' lang='lat' dir='ltr'><strong>dubitant</strong></span> <span class='ocrx_word' id='word_1_355' title='bbox 1133 4275 1197 4336; x_wconf 88' lang='lat' dir='ltr'><strong>viri</strong></span> <span class='ocrx_word' id='word_1_356' title='bbox 1227 4271 1324 4350; x_wconf 89' lang='lat' dir='ltr'><strong>docti,</strong></span> <span class='ocrx_word' id='word_1_357' title='bbox 1362 4293 1527 4358; x_wconf 88' lang='lat' dir='ltr'><strong>quamque</strong></span> <span class='ocrx_word' id='word_1_358' title='bbox 1556 4270 1716 4336; x_wconf 89' lang='lat' dir='ltr'><strong>Wilamo-</strong></span> 
     </span>
     <span class='ocr_line' id='line_1_37' title="bbox 276 4375 1401 4461; baseline -0.002 -19"><span class='ocrx_word' id='word_1_359' title='bbox 276 4378 404 4442; x_wconf 82' lang='lat' dir='ltr'><strong>witnius</strong></span> <span class='ocrx_word' id='word_1_360' title='bbox 431 4376 503 4442; x_wconf 86' lang='lat' dir='ltr'><strong>HF.</strong></span> <span class='ocrx_word' id='word_1_361' title='bbox 526 4376 593 4443; x_wconf 90' lang='lat' dir='ltr'><strong>vol.</strong></span> <span class='ocrx_word' id='word_1_362' title='bbox 616 4378 654 4442; x_wconf 87' lang='grc' dir='ltr'><strong>Ι1</strong></span> <span class='ocrx_word' id='word_1_363' title='bbox 677 4400 709 4461; x_wconf 93' lang='lat' dir='ltr'><strong>p.</strong></span> <span class='ocrx_word' id='word_1_364' title='bbox 733 4377 775 4443; x_wconf 87' lang='lat'><strong>39</strong></span> <span class='ocrx_word' id='word_1_365' title='bbox 798 4377 920 4442; x_wconf 81' lang='lat' dir='ltr'><strong>Critiae</strong></span> <span class='ocrx_word' id='word_1_366' title='bbox 943 4377 1127 4443; x_wconf 85' lang='lat' dir='ltr'><strong>vindicasse</strong></span> <span class='ocrx_word' id='word_1_367' title='bbox 1149 4386 1239 4440; x_wconf 91' lang='lat' dir='ltr'><strong>recte</strong></span> <span class='ocrx_word' id='word_1_368' title='bbox 1260 4375 1401 4440; x_wconf 88' lang='lat' dir='ltr'><strong>videtur.</strong></span> 
     </span>
    </p>

    <p class='ocr_par' dir='ltr' id='par_1_9' title="bbox 275 4475 1719 4767">
     <span class='ocr_line' id='line_1_38' title="bbox 383 4475 1716 4567; baseline -0.005 -24"><span class='ocrx_word' id='word_1_369' title='bbox 383 4479 523 4544; x_wconf 85' lang='lat' dir='ltr'><strong>Generis</strong></span> <span class='ocrx_word' id='word_1_370' title='bbox 553 4492 663 4544; x_wconf 90' lang='lat' dir='ltr'><strong>autem</strong></span> <span class='ocrx_word' id='word_1_371' title='bbox 698 4481 820 4567; x_wconf 86' lang='lat' dir='ltr'><strong>passivi</strong></span> <span class='ocrx_word' id='word_1_372' title='bbox 849 4481 980 4545; x_wconf 90' lang='lat' dir='ltr'><strong>nomina</strong></span> <span class='ocrx_word' id='word_1_373' title='bbox 1010 4481 1043 4543; x_wconf 92' lang='lat' dir='ltr'><strong>in</strong></span> <span class='ocrx_word' id='word_1_374' title='bbox 1072 4500 1137 4560; x_wconf 92' lang='grc' dir='ltr'><strong>τωρ</strong></span> <span class='ocrx_word' id='word_1_375' title='bbox 1168 4480 1261 4543; x_wconf 89' lang='lat' dir='ltr'><strong>finita</strong></span> <span class='ocrx_word' id='word_1_376' title='bbox 1284 4490 1359 4542; x_wconf 90' lang='lat' dir='ltr'><strong>ante</strong></span> <span class='ocrx_word' id='word_1_377' title='bbox 1381 4475 1550 4562; x_wconf 88' lang='lat' dir='ltr'><strong>Euripidis</strong></span> <span class='ocrx_word' id='word_1_378' title='bbox 1574 4483 1716 4538; x_wconf 91' lang='lat' dir='ltr'><strong>aetatem</strong></span> 
     </span>
     <span class='ocr_line' id='line_1_39' title="bbox 275 4571 1719 4668; baseline -0.006 -20"><span class='ocrx_word' id='word_1_379' title='bbox 275 4605 341 4648; x_wconf 91' lang='lat' dir='ltr'><strong>non</strong></span> <span class='ocrx_word' id='word_1_380' title='bbox 383 4591 520 4647; x_wconf 86' lang='lat' dir='ltr'><strong>exstant.</strong></span> <span class='ocrx_word' id='word_1_381' title='bbox 586 4581 743 4668; x_wconf 88' lang='lat' dir='ltr'><strong>Aeschyli</strong></span> <span class='ocrx_word' id='word_1_382' title='bbox 776 4584 862 4647; x_wconf 87' lang='lat' dir='ltr'><strong>enirn</strong></span> <span class='ocrx_word' id='word_1_383' title='bbox 903 4603 1001 4646; x_wconf 82' lang='lat' dir='ltr'><strong>versu</strong></span> <span class='ocrx_word' id='word_1_384' title='bbox 1052 4581 1107 4646; x_wconf 90' lang='lat' dir='ltr'><strong>Su.</strong></span> <span class='ocrx_word' id='word_1_385' title='bbox 1147 4586 1162 4646; x_wconf 93' lang='grc'><strong>1</strong></span> <span class='ocrx_word' id='word_1_386' title='bbox 1212 4578 1294 4651; x_wconf 84' lang='grc' dir='ltr'><em>Ζεὺς</em></span> <span class='ocrx_word' id='word_1_387' title='bbox 1330 4577 1389 4658; x_wconf 82' lang='grc' dir='ltr'><strong>μὲν</strong></span> <span class='ocrx_word' id='word_1_388' title='bbox 1424 4571 1566 4662; x_wconf 77' lang='grc' dir='ltr'><strong><em>ἀφίκτωρ</em></strong></span> <span class='ocrx_word' id='word_1_389' title='bbox 1604 4573 1719 4641; x_wconf 80' lang='grc' dir='ltr'><strong><em>ἐπίδοι</em></strong></span> 
     </span>
     <span class='ocr_line' id='line_1_40' title="bbox 276 4669 1718 4767; baseline 0 -23"><span class='ocrx_word' id='word_1_390' title='bbox 276 4677 475 4763; x_wconf 83' lang='grc' dir='ltr'><strong><em>προφρόνως</em></strong></span> <span class='ocrx_word' id='word_1_391' title='bbox 497 4681 605 4745; x_wconf 92' lang='lat' dir='ltr'><strong>active</strong></span> <span class='ocrx_word' id='word_1_392' title='bbox 629 4681 883 4766; x_wconf 90' lang='lat' dir='ltr'><strong>intellegendum</strong></span> <span class='ocrx_word' id='word_1_393' title='bbox 921 4693 971 4745; x_wconf 87' lang='lat' dir='ltr'><strong>est</strong></span> <span class='ocrx_word' id='word_1_394' title='bbox 993 4669 1138 4762; x_wconf 76' lang='grc' dir='ltr'><strong><em>ἀφίκτωρ</em></strong></span> <span class='ocrx_word' id='word_1_395' title='bbox 1157 4680 1338 4767; x_wconf 91' lang='lat' dir='ltr'><strong>eademque</strong></span> <span class='ocrx_word' id='word_1_396' title='bbox 1367 4684 1524 4746; x_wconf 91' lang='lat' dir='ltr'><strong>sermonis</strong></span> <span class='ocrx_word' id='word_1_397' title='bbox 1551 4681 1718 4747; x_wconf 89' lang='lat' dir='ltr'><strong>brevitate</strong></span> 
     </span>
    </p>
   </div>
   <div class='ocr_carea' id='block_1_8' title="bbox 384 4847 1048 4923">
    <p class='ocr_par' dir='ltr' id='par_1_10' title="bbox 384 4847 1048 4923">
     <span class='ocr_line' id='line_1_41' title="bbox 384 4847 1048 4923; baseline -0.005 -18"><span class='ocrx_word' id='word_1_398' title='bbox 384 4849 406 4923; x_wconf 87' lang='lat'><strong>¹)</strong></span> <span class='ocrx_word' id='word_1_399' title='bbox 425 4848 470 4905; x_wconf 83' lang='lat' dir='ltr'><strong>cf.</strong></span> <span class='ocrx_word' id='word_1_400' title='bbox 489 4865 613 4920; x_wconf 87' lang='lat' dir='ltr'><strong>eaquae</strong></span> <span class='ocrx_word' id='word_1_401' title='bbox 632 4850 663 4902; x_wconf 92' lang='lat' dir='ltr'><strong>in</strong></span> <span class='ocrx_word' id='word_1_402' title='bbox 680 4850 740 4903; x_wconf 84' lang='lat' dir='ltr'><strong>fine</strong></span> <span class='ocrx_word' id='word_1_403' title='bbox 758 4849 841 4918; x_wconf 91' lang='lat' dir='ltr'><strong>primi</strong></span> <span class='ocrx_word' id='word_1_404' title='bbox 861 4848 962 4918; x_wconf 88' lang='lat' dir='ltr'><strong>capitis</strong></span> <span class='ocrx_word' id='word_1_405' title='bbox 982 4847 1048 4902; x_wconf 86' lang='lat' dir='ltr'><strong>dixi.</strong></span> 
     </span>
    </p>
   </div>
   <div class='ocr_carea' id='block_1_9' title="bbox 0 0 1911 5518">
    <p class='ocr_par' dir='ltr' id='par_1_11' title="bbox 0 0 1911 5518">
     <span class='ocr_line' id='line_1_42' title="bbox 0 0 1911 5518; baseline 0 0"><span class='ocrx_word' id='word_1_406' title='bbox 0 0 1911 5518; x_wconf 95' lang='lat' dir='ltr'><strong> </strong></span> 
     </span>
    </p>
   </div>
  </div>
 </body>
</html>
