3796 5518
857 413 1064 478 ,50-

237 593 376 682 aliisque
407 593 488 660 locis
521 596 702 680 permultis.
753 595 837 662 (lum
875 599 932 662 tali
967 607 1076 665 autem
1109 601 1263 683 genetivo
1301 600 1508 665 coniunctum
1541 599 1680 684 legimus

242 693 361 778 ἵδρυμα
382 720 410 761 e.
432 720 465 782 g.
488 698 575 764 Plnt.
605 699 708 764 Marc.
733 700 776 764 20
796 696 914 780 ἵδρυμα
935 701 1073 784 Κρητῶν
1101 701 1225 781 λέγεται
1253 694 1334 766 εἶναι
1364 695 1403 764 τό
1432 696 1529 784 ἱερόν,
1560 700 1680 766 Strabo

238 801 269 882 6,
291 792 438 880 ΙἭρας
460 795 557 881 ἱερόν,
578 793 726 872 Ἰάσονος
749 797 876 881 ἵδρυμα.
922 802 1119 869 Genetivum
1142 805 1243 887 igitur
1265 799 1386 884 ἵδρυμα
1418 825 1581 870 assumere
1614 825 1680 869 non

238 900 390 966 videmus
404 904 464 966 nisi
484 905 637 984 auctoris
658 903 741 968 alius
764 915 872 968 autem
895 903 984 969 modi
1007 908 1196 989 genetivum
1219 927 1354 993 prorsus
1377 905 1584 992 repudiatum
1608 928 1680 970 esse

241 1003 291 1068 his
327 1005 489 1088 exemplis
526 1007 769 1089 cognoscimus:
798 1004 856 1070 Ch.
889 1007 973 1072 1034
1010 1006 1204 1085 προσίξομαι
1237 1003 1450 1089 μεσὸμφολόν
1485 998 1522 1070 e'
1552 1005 1680 1087 ἵδρυμα,

238 1111 364 1182 Λοξίου
384 1109 508 1175 πέδον.
527 1132 552 1191 .;
573 1107 660 1174 Plut.
684 1109 725 1173 de
747 1110 821 1176 fort.
846 1110 939 1174 Rom.
963 1111 1062 1175 322F
1083 1109 1206 1190 μᾶλλον
1235 1111 1272 1174 δὲ
1298 1107 1355 1181 τὰς
1382 1101 1559 1188 Ῥωμαιιιὰς
1584 1104 1681 1178 ἐάσας

240 1201 415 1290 ὀνομασίας
435 1205 618 1295 Ἑλληνιστὶ
638 1207 694 1281 τὰς
715 1209 868 1292 δυνάμεις
890 1213 969 1275 τῶν
992 1209 1235 1294 ἱδρυμάτων
1264 1212 1460 1292 πειράσομαι
1487 1210 1681 1294 καταριδμδρ

240 1315 375 1375 suadac·
418 1306 550 1393 καὶγὰρ
573 1310 654 1383 ἰδίας
679 1313 808 1399 Τύχης
829 1312 948 1394 ἱερόν
978 1310 1066 1378 ἐστιν
1088 1312 1124 1379 ἐν
1147 1316 1309 1398 Παλατίῳ.
1361 1314 1462 1400 Apud
1484 1314 1680 1399 Dionysium

240 1415 327 1481 arch.
352 1421 380 1498 1,
409 1417 449 1480 67
482 1418 551 1480 sine
580 1419 734 1501 genetivo
764 1419 902 1503 legimus
932 1411 973 1488 ὥς
999 1417 1062 1480 τῶν
1090 1415 1274 1499 ἱδρυμάτων
1303 1418 1608 1497 μετακομισθέντων
1637 1412 1682 1485 εἰς

236 1519 351 1581 τοῦτον
371 1514 431 1580 τὸν
452 1518 566 1600 μυχόν,
589 1520 645 1584 ubi
668 1520 818 1602 imaginis
841 1518 1047 1603 significatus
1071 1532 1184 1586 certus
1208 1534 1267 1586 est.
1312 1521 1374 1585 Ille
1398 1521 1483 1584 enim
1509 1517 1608 1602 locus,
1625 1521 1681 1604 qni

238 1622 403 1687 invenitur
425 1621 509 1688 Plat.
533 1623 596 1707 leg.
621 1625 670 1699 11,
694 1623 786 1688 931a
807 1617 912 1705 πατὴρ
941 1607 998 1686 οὖν
1017 1618 1093 1708 ἵτφ
1123 1622 1176 1686 καὶ
1211 1625 1312 1705 μ’τηρ
1344 1614 1364 1706 ἢ
1397 1622 1517 1685 τούτων
1546 1626 1682 1697 πατέρες

235 1715 264 1806 ἢ
292 1727 427 1804 μητέρες
457 1720 492 1788 ἐν
521 1717 606 1808 οἰκίᾳ
631 1731 760 1808 κεῖνται,
798 1727 953 1810 κειμήλιοι
981 1722 1195 1810 ἀπειρηκότες
1222 1724 1309 1809 γήρᾳ,
1338 1725 1450 1807 μηδεὶς
1478 1721 1681 1804 διανοηθήτω

240 1825 321 1888 ποτὲ
342 1821 465 1906 ἄγαλμα
487 1817 581 1910 αὐτῷ,
603 1827 753 1891 τοιοῦτον
785 1824 936 1911 ἐφέστιον
964 1827 1085 1910 ἵδρυμα
1118 1825 1153 1892 ἐν
1184 1825 1267 1912 οἰκίᾳ
1299 1824 1388 1905 ἔχων,
1419 1824 1541 1906 μᾶλλον
1563 1825 1682 1905 ’κύριον

240 1923 384 2012 ἔσεσθαι,
408 1924 466 1991 ἐὰν
488 1922 529 2012 δὴ
552 1925 630 1992 κατὰ
660 1930 785 2010 τρόπον
814 1952 850 2011 γε
878 1928 985 2012 ὀρθῶς
1013 1923 1091 1994 αὐτὸ
1122 1930 1291 2016 θεραπεύῃ
1325 1924 1343 1991 δ
1382 1933 1582 2011 κεκτημένος,
1603 1927 1682 1991 nihil

240 2033 382 2117 pertinet
399 2031 440 2096 ad
454 2047 690 2114 nostramrem,
713 2034 778 2113 ubi,
801 2037 857 2118 qui
882 2036 947 2100 suis
971 2035 1119 2124 sensibus
1142 2057 1220 2099 usus
1243 2036 1314 2114 erit,
1335 2054 1375 2096 ne
1397 2034 1574 2116 imaginem
1589 2030 1681 2095 intel-

241 2133 331 2218 legat
346 2131 476 2213 ἱδρνμα,
491 2156 556 2199 non
569 2147 696 2218 metu03
721 2137 763 2202 cf.
780 2159 909 2202 versum
929 2137 1007 2203 Eur.
1025 2135 1081 2203 Su.
1098 2138 1156 2203 631
1163 2185 1172 2220 ,
1187 2137 1229 2202 de
1245 2158 1310 2223 quo
1325 2156 1401 2200 mox
1413 2157 1520 2218 agam.
1557 2133 1683 2200 Unicus

241 2249 352 2300 autern
376 2235 478 2317 locus,
502 2259 599 2322 quem
623 2240 696 2324 quis
721 2249 835 2303 contra
864 2239 947 2304 hanc
980 2238 1128 2324 regulam
1165 2241 1315 2326 usurpati
1347 2239 1491 2321 genetivi
1527 2235 1683 2314 attulerit,

242 2349 348 2404 exstat
371 2340 460 2424 apud
483 2339 621 2404 eundern
646 2342 816 2407 Platonem
837 2343 901 2427 leg.
926 2344 956 2424 4,
978 2343 1081 2423 lllb,
1103 2341 1161 2406 ubi
1184 2341 1224 2406 de
1247 2341 1372 2420 ordine,
1395 2361 1460 2426 quo
1483 2339 1536 2404 dei
1552 2338 1682 2403 colendi

241 2450 325 2524 sunt,
354 2441 437 2507 haec
463 2442 565 2507 verba
596 2442 693 2509 fiunt:
731 2439 1004 2507 ἐπακολουθοῖδ
1032 2441 1139 2514 αὐτοῖς
1172 2442 1339 2524 (heroibus
1368 2443 1506 2521 scilicet)
1528 2437 1683 2522 ἱδρύματα

240 2539 308 2606 ἴδια
335 2542 496 2628 πατρῴων
524 2543 613 2607 θεῶν
641 2541 720 2608 κατὰ
749 2547 851 2625 νόμον
880 2540 1106 2629 ὀργιαζομενα;
1136 2567 1253 2612 moneo
1298 2554 1407 2611 tamen
1436 2542 1594 2623 ἱδρύματα
1624 2541 1681 2606 illa

242 2647 330 2732 ipsas
353 2647 511 2730 imagines
534 2670 605 2714 esse
628 2647 838 2714 nullomodo
861 2660 1022 2731 constare,
1045 2671 1152 2736 neque
1175 2671 1215 2714 ea
1237 2649 1341 2713 verba
1371 2669 1465 2712 meae
1488 2651 1680 2732 interpreta-

243 2749 322 2814 tioni
345 2771 539 2836 repugnare.
584 2752 660 2815 Iure
689 2753 789 2836 igitur
822 2752 982 2838 Aeschyli
1016 2753 1096 2817 locis
1133 2773 1217 2838 quos
1253 2762 1359 2816 tracto
1396 2747 1551 2830 ἱδρύματα
1583 2749 1683 2828 θεῶν,

240 2872 315 2916 cunr
339 2853 428 2914 θεῶν
453 2854 641 2935 genetivum
672 2857 815 2918 auctoris
838 2863 955 2940 putare
982 2877 1046 2919 non
1076 2853 1185 2935 liceat,
1206 2854 1432 2939 intellegemus
1455 2852 1539 2930 loca,
1563 2849 1682 2934 quibus

245 2967 416 3019 versantur
437 2955 502 3038 dei,
524 2958 572 3020 ita
594 2965 629 3019 ut
653 2953 810 3036 ἱδρύματα
831 2960 992 3042 tragicum
1022 2979 1140 3022 nomen
1177 2958 1219 3022 sit
1250 2978 1312 3044 pro
1345 2961 1476 3035 asperos
1486 2955 1521 3034 ¹).
1566 2951 1682 3016 Altera

245 3068 351 3122 autem
374 3079 439 3140 res,
461 3081 526 3144 qua
549 3058 591 3123 ad
616 3059 698 3123 hanc
721 3081 828 3123 meam
850 3061 1043 3142 sententiam
1058 3058 1237 3145 perductus
1252 3082 1334 3140 sum,
1356 3058 1437 3122 haec
1459 3065 1518 3124 est.
1554 3055 1681 3120 Nomen

240 3156 363 3240 ἵδρυμα
385 3175 461 3224 ante
484 3161 643 3246 Aeschyli
667 3171 808 3227 aetatem
831 3184 895 3227 non
916 3163 1089 3243 invenitur,
1118 3160 1203 3226 idem
1234 3163 1328 3227 deest
1361 3160 1451 3247 apud
1482 3155 1679 3244 Sophoclem

246 3273 278 3325 et
289 3262 554 3348 Aristophanem,
570 3285 767 3349 quamquam
785 3275 818 3327 et
832 3263 886 3328 hic
900 3273 934 3328 et
950 3267 1050 3328 ceteri
1067 3285 1178 3330 omnes
1194 3261 1314 3343 ἱδρδειν
1327 3262 1419 3344 θεόν,
1441 3261 1560 3342 βωμόν,
1581 3255 1683 3338 leode,

241 3366 323 3446 sim,
346 3387 444 3452 saepe
467 3366 632 3448 dicebant,
654 3367 745 3430 velut
768 3365 1017 3448 Ausetanos,
1041 3366 1100 3432 Pa.
1116 3368 1189 3448 923,
1211 3366 1261 3431 Pl.
1279 3367 1371 3432 1191.
1407 3368 1558 3451 Apparet
1572 3363 1682 3445 igitur,

242 3488 440 3553 quamquam
478 3467 617 3532 verbum
665 3466 788 3549 ἵδρδειν
824 3471 1123 3554 frequentissimum
1174 3481 1255 3548 erat,
1288 3469 1529 3534 substantivum
1564 3462 1683 3546 ἵδρυμα

243 3571 410 3656 passivum
432 3571 466 3636 in
487 3570 636 3636 sollemni
666 3593 728 3636 usu
759 3573 888 3637 omnino
921 3593 987 3636 non
1020 3574 1138 3648 fnissc3
1175 3570 1393 3656 significatum
1429 3578 1549 3648 autem,
1583 3586 1682 3652 quem

243 3671 395 3758 equidem
418 3676 516 3738 statui
539 3674 618 3738 locis
634 3695 716 3760 quos
738 3673 1201 3755 tracto,asermonenatnrali
1216 3672 1368 3749 alienum,
1390 3671 1557 3737 artificiosi
1572 3675 1680 3734 autem

242 3776 411 3861 proprium
436 3797 506 3840 esse
529 3797 628 3863 supra
649 3776 775 3841 ostendi
793 3798 825 3863 p.
850 3799 881 3862 p.
911 3778 1020 3858 33234.
1051 3777 1164 3842 Tertio
1180 3777 1320 3862 deniquo
1335 3777 1408 3842 loco
1423 3774 1467 3840 ad
1480 3769 1681 3838 fulciendam

241 3899 348 3944 meam
385 3881 579 3944 sententiam
612 3900 728 3944 moneo
764 3877 966 3965 Hesychium
1002 3877 1161 3962 ἱδρύματα
1191 3878 1375 3964 explicasse
1408 3877 1538 3942 nomine
1568 3874 1681 3936 καδίσ·

235 4001 335 4060 ματα.
374 3981 469 4046 Hunc
481 3991 589 4046 autem
606 3981 835 4066 significatum,
859 3983 885 4046 si
909 3981 1006 4047 modo
1028 3981 1214 4061 καθῖσματα
1237 3992 1326 4047 recte
1348 3977 1504 4063 intellego
1528 3977 1683 4053 activum,

242 4105 285 4146 ex
313 4082 378 4149 illis
414 4105 496 4169 quos
530 4087 671 4149 tractavi
705 4094 862 4170 quattuor
894 4084 975 4150 locis
1008 4098 1173 4169 sumptum
1208 4105 1278 4148 esse
1308 4083 1405 4146 facile
1428 4075 1595 4155 concedet,
1625 4077 1682 4160 qui

245 4206 351 4250 meam
375 4187 676 4270 interpretationem
700 4185 901 4272 probauerit.

329 4305 476 4369 Transeo
490 4304 632 4392 denique
645 4307 688 4372 ad
700 4305 949 4371 describendam
961 4306 1092 4370 tertiam
1104 4306 1181 4388 vim,
1190 4327 1255 4391 qua
1269 4305 1401 4369 nomina
1415 4305 1447 4367 in
1461 4321 1508 4380 μα
1521 4303 1680 4365 instructa

249 4418 334 4488 sunt,
356 4428 440 4493 quae
456 4428 562 4494 neque
578 4431 597 4472 a
612 4408 781 4475 veteribus
793 4429 900 4493 neque
916 4431 936 4473 a
950 4409 1069 4472 nostris
1087 4408 1309 4492 grammaticis
1324 4408 1403 4470 satis
1418 4405 1593 4472 observata
1610 4421 1680 4466 esse

348 4631 371 4694 ¹)
389 4627 466 4680 Fieri
483 4630 586 4696 potest,
605 4632 637 4679 ut
653 4625 727 4681 θεῶν
748 4621 891 4704 ἱδρύματα
918 4625 1122 4696 intellegantur
1149 4625 1177 4678 ol
1202 4623 1266 4679 θεοὶ
1297 4625 1324 4678 ol
1351 4620 1513 4701 ἱδρυθέντες,
1540 4619 1589 4675 sed
1621 4623 1681 4673 tum

242 4715 391 4768 exsisteret
417 4715 472 4784 Ag.
501 4713 551 4766 illo
569 4729 652 4767 versu
670 4714 721 4768 351
749 4713 917 4784 tautologia,
943 4713 1044 4766 ceteris
1070 4712 1297 4783 incongruentia,
1332 4710 1449 4764 Homeri
1467 4715 1496 4763 et
1514 4705 1681 4764 Callimachi

243 4817 315 4870 quos
334 4800 418 4854 attuli
438 4799 567 4854 versibus
585 4800 724 4870 probatur
741 4795 882 4879 ἱδρύματα
900 4801 1040 4872 tragicum
1058 4817 1119 4854 esse
1138 4817 1189 4870 pro
1208 4800 1290 4870 spico
1307 4797 1425 4868 τέμενος,
1443 4794 1537 4892 ἄλσος.
