3796 5518
860 1625 1131 1705 Arearum

380 1832 461 1898 Hac¹
478 1831 657 1920 appendice
681 1854 719 1897 ea
742 1853 939 1917 componere
964 1831 1115 1898 constitui
1155 1851 1239 1918 quae
1263 1826 1432 1912 Euripidei
1456 1829 1614 1894 sermonis
1635 1849 1710 1916 pro*-

274 1937 346 2022 pria
377 1938 411 2001 in
444 1935 615 2023 Sophoclis
648 1934 770 2001 fabulis
802 1935 921 2000 inveni.
966 1931 1091 1999 Eadem
1124 1931 1185 1996 hac
1219 1931 1457 2017 compositione
1479 1929 1710 1996 nonnullorum

274 2038 370 2104 huius
391 2049 511 2124 poetae
532 2039 697 2104 nominum
715 2059 792 2103 usus
814 2039 918 2121 magis
929 2033 987 2100 fiet
998 2035 1201 2123 perspicuus,
1214 2056 1311 2121 quem
1326 2056 1425 2121 supra
1440 2054 1711 2099 commemorasse

273 2150 397 2206 tantum
421 2151 589 2207 contentus
612 2163 683 2206 esse
707 2140 816 2206 debui.
861 2139 935 2205 Non
964 2149 1073 2204 autem
1104 2140 1328 2224 quaestionem
1356 2137 1515 2223 proferre,
1545 2135 1602 2202 sed
1626 2158 1711 2202 com-

275 2265 398 2330 ponere
420 2252 546 2310 tantum
570 2267 610 2310 ea
632 2244 731 2325 volui,
753 2265 847 2330 quae,
878 2244 937 2308 etsi
968 2264 1033 2307 non
1066 2244 1179 2327 ignoro
1209 2263 1279 2306 rem
1310 2243 1357 2307 eis
1379 2241 1496 2308 confici
1517 2263 1582 2306 non
1606 2261 1713 2326 posse,

275 2349 382 2433 perire
405 2332 514 2412 tamen
536 2346 635 2413 nolui.
680 2345 784 2431 Spero
808 2355 915 2412 autem
939 2344 1065 2432 aliquid
1086 2366 1138 2409 me
1159 2367 1231 2410 esse
1254 2344 1450 2410 collaturum
1474 2343 1517 2411 ad
1533 2344 1712 2409 diiudican-

276 2453 351 2520 dam
375 2455 612 2540 quaestionem,
643 2464 750 2519 utrum
772 2452 860 2517 Aiax
889 2475 931 2517 an
954 2452 1122 2536 Antigona
1152 2452 1242 2536 prius
1271 2450 1369 2516 docta
1392 2451 1442 2530 sit,
1464 2457 1622 2536 quantum
1642 2448 1713 2533 qui·

275 2555 350 2622 dem
365 2557 447 2622 haec
469 2579 523 2622 res
539 2578 581 2621 ex
597 2557 804 2637 auctoritate,
831 2576 896 2642 qua
912 2555 1018 2619 minor
1040 2553 1175 2618 valebat
1189 2561 1288 2641 poeta
1310 2554 1352 2618 ad
1375 2553 1507 2618 maioris
1529 2571 1713 2616 sermonem

275 2659 556 2742 conformandum,
586 2657 737 2725 concludi
759 2665 877 2743 potest.
921 2656 1008 2723 Satis
1032 2679 1103 2722 esse
1134 2655 1213 2722 duxi
1241 2656 1388 2743 priorum
1409 2664 1535 2721 tantum
1558 2664 1714 2739 quattuor

275 2761 461 2828 fabularum
490 2764 650 2828 rationem
684 2760 816 2843 habere,
854 2783 929 2827 cum
965 2761 1162 2846 posteriores
1193 2769 1259 2825 tres
1287 2758 1367 2824 nihil
1389 2759 1469 2825 novi
1490 2755 1612 2825 addere
1635 2754 1714 2819 mihi

274 2865 489 2940 viderentur„
1306 2941 1307 2944 Ἴ
1654 2875 1656 2884 ‘

382 2968 493 3054 Atque
517 2976 673 3053 quantum
696 2965 828 3052 quidem
851 2966 968 3031 attinet
990 2964 1032 3030 ad
1054 2964 1189 3031 Aiacem
1214 2976 1246 3030 et
1260 2967 1459 3052 Antigonam
1481 2969 1564 3035 baec
1581 2993 1714 3060 possum

276 3071 385 3153 affere,
402 3068 578 3157 dequibus
594 3069 798 3134 accuratiore
819 3069 874 3154 qui
898 3068 1064 3134 desiderat
1087 3089 1126 3134 ea
1149 3069 1305 3152 conferat,
1328 3091 1412 3156 quae
1429 3093 1529 3158 supra
1550 3076 1715 3162 copiosius

276 3173 422 3260 exposui.
463 3169 509 3237 ‘0
538 3166 650 3255 φύσας,
673 3171 761 3257 quod
784 3169 968 3262 Aeschylus
990 3195 1055 3238 non
1077 3171 1267 3258 usurpabat,
1294 3173 1435 3256 primum
1472 3173 1590 3260 legitur
1623 3179 1713 3263 apud

276 3275 473 3363 Sophoclem
509 3278 542 3341 in
580 3276 643 3358 Aa,
681 3274 775 3339 velut
810 3275 885 3355 516,
920 3297 939 3339 a
974 3296 1038 3361 quo
1076 3275 1190 3341 eodem
1231 3278 1363 3342 notione
1394 3278 1498 3364 patris
1530 3281 1716 3347 continetur

276 3381 328 3448 Αἰ.
356 3379 430 3462 516,
453 3379 508 3446 Tr.
538 3379 619 3462 3113
651 3373 741 3449 τόκος
770 3387 802 3444 et
830 3383 930 3457 γονεῖς
960 3376 1077 3444 desunt
1107 3379 1141 3444 in
1170 3377 1353 3463 Antigona3
1385 3380 1480 3462 κόρος
1506 3403 1571 3446 non
1595 3382 1716 3468 legitur

275 3485 307 3548 in
341 3483 405 3547 An.
439 3504 498 3568 pro
539 3480 624 3565 fili03
661 3481 787 3546 nullum
820 3503 949 3563 nomen,
986 3481 1076 3569 quod
1105 3491 1232 3566 patrem
1268 3493 1323 3548 aut
1362 3492 1498 3549 matrem
1542 3484 1715 3570 significat>

230 3639 231 3644 ,
276 3586 309 3650 in
353 3585 415 3650 An.
458 3584 631 3671 pluraliter
679 3595 874 3671 usurpatur;
907 3575 925 3647 d
973 3579 1083 3663 τεκών,
1128 3579 1146 3647 o‘
1191 3580 1303 3666 φύσας,
1347 3575 1367 3669 ἡ
1409 3587 1554 3664 τεκοῦσα,
1597 3588 1717 3654 similia

277 3690 408 3755 nomina
430 3691 556 3774 tragica
578 3689 696 3754 desunt
732 3690 765 3754 in
798 3689 879 3772 An.;
911 3683 988 3754 usus
1022 3688 1160 3774 pluralis
1195 3690 1334 3756 nominis
1369 3693 1491 3772 τέκνον,
1525 3691 1553 3755 si
1585 3693 1716 3758 omnino

277 3790 468 3858 statuendus
491 3802 541 3857 ost
565 3790 653 3878 apud
677 3790 884 3879 Sophoclem,
907 3814 971 3857 non
993 3792 1158 3857 invenitur
1187 3793 1220 3856 in
1242 3792 1305 3857 An.
1347 3792 1490 3858 Nomina
1511 3793 1660 3860 verbalia
1682 3795 1716 3860 in

275 3916 337 3977 μος
358 3903 392 3962 et
414 3895 478 3958 δων
501 3895 619 3960 desunt
641 3896 674 3958 in
697 3896 761 3961 An.
805 3894 946 3960 Nomina
968 3897 1000 3959 in
1019 3914 1066 3973 μα
1079 3892 1282 3980 significatus
1304 3896 1520 3983 participialia
1542 3896 1718 3984 pluraliter

276 4021 342 4064 non
370 4008 569 4086 usurpantur
597 4000 631 4062 in
660 3997 734 4078 An,
761 3997 880 4082 legitur
912 3999 963 4063 Αἰ.
996 3997 1075 4080 245;
1096 4000 1263 4064 nominum
1300 3999 1333 4063 in
1355 4018 1410 4080 μα,
1441 4020 1525 4086 quae
1558 3999 1718 4088 imprimis

277 4102 457 4188 Euripidae
480 4112 567 4184 sunt,
590 4102 733 4166 activum
756 4101 860 4165 estin
883 4098 946 4166 An.
969 4123 1078 4183 unum,
1102 4096 1284 4184 κοιμήματα
1306 4102 1379 4170 864.
1406 4102 1439 4166 in
1464 4100 1515 4166 Αἰ.
1551 4111 1718 4188 quattuor,

277 4205 350 4287 338,
373 4204 445 4288 674,
468 4204 544 4287 833,
567 4204 666 4286 10333
688 4205 820 4269 nomina
841 4205 874 4268 in
896 4223 943 4283 μα
963 4203 1133 4269 verbalem
1157 4204 1431 4270 constructionem
1460 4225 1525 4268 non
1548 4216 1717 4270 assumunt

277 4310 310 4374 in
333 4308 406 4389 An,
430 4305 576 4372 simodo
610 4308 681 4371 iure
711 4316 854 4372 mutatus
886 4317 933 4372 est
964 4329 1078 4374 versus
1107 4306 1162 4374 ille
1194 4308 1293 4391 1219;
1323 4308 1454 4372 nomina
1475 4306 1508 4370 in
1529 4326 1576 4385 μα
1596 4307 1717 4392 signifi·

278 4418 370 4476 catus
392 4407 608 4496 participialia
632 4409 672 4474 de
693 4409 879 4474 hominibus
901 4431 965 4474 non
996 4408 1149 4476 dicuntur
1178 4411 1212 4475 in
1240 4409 1304 4476 An.
1334 4410 1395 4475 nisi
1425 4407 1661 4474 contumeliosa
1685 4421 1718 4474 et

276 4513 420 4580 infamia.
445 4509 610 4593 Ξυνίστωρ
622 4512 685 4579 An.
698 4512 762 4577 542
774 4511 943 4578 verbalem
961 4533 1042 4598 prae
1057 4535 1091 4578 se
1108 4513 1172 4577 fert
1188 4520 1395 4595 structuram,
1411 4513 1467 4598 qui
1479 4533 1557 4577 usus
1571 4512 1718 4600 Aeschy-

277 4634 349 4699 leus
360 4625 421 4699 est,
435 4638 509 4682 cum
522 4618 623 4681 ceteri
633 4627 752 4702 poetae
763 4618 894 4682 nomina
905 4618 939 4681 in
952 4639 1014 4699 τωρ
1033 4638 1098 4682 non
1117 4617 1163 4681 ita
1175 4617 1390 4683 tractaverint
1398 4636 1408 4699 3
1428 4617 1558 4681 nomina
1569 4617 1603 4680 in
1614 4638 1673 4700 τηρ
1686 4627 1720 4682 et

276 4741 334 4808 της
355 4722 388 4784 iu
410 4719 473 4785 An.
497 4719 703 4785 substantiva
729 4729 813 4800 sunt,
843 4741 916 4784 cum
945 4718 1124 4807 Sophocles
1154 4741 1360 4786 communem
1388 4741 1483 4785 usum
1513 4727 1644 4784 secutus
1666 4720 1719 4804 sit,

277 4825 331 4892 Ai.
353 4824 418 4892 590
440 4823 561 4910 legitur
586 4815 758 4909 ὀφειλέτης,
782 4846 799 4888 e
822 4845 887 4910 quo
909 4822 1033 4910 pendet
1055 4825 1275 4909 enuntiatum
1302 4825 1434 4890 nomina
1463 4845 1542 4889 vere
1569 4820 1721 4889 verbalia
