3796 5518
806 399 1019 462 ..γη-

305 585 458 649 Formam
495 593 604 650 autem
639 587 825 648 femininam
859 586 950 650 initio
987 585 1124 650 eandem
1159 587 1258 650 fuisse
1294 609 1390 672 quam
1420 587 1634 652 masculinam

196 689 356 774 probatur
378 688 516 752 vocibus
538 683 653 770 μητηρ,
675 686 829 772 θυγάτηρ,
854 687 905 769 al,
937 710 1043 772 neque
1066 689 1163 774 pauci
1187 697 1261 751 sunt
1283 687 1345 752 loci
1371 685 1459 773 apud
1481 693 1635 774 tragicos,

197 789 316 876 quibus
338 811 397 872 τηρ
420 813 478 876 pro
511 791 665 854 feminino
700 800 818 872 exstat,
851 790 943 854 velut
980 792 1043 874 Ag.
1074 791 1137 854 669
1166 785 1243 871 τύχη
1270 789 1306 852 δέ
1336 787 1450 872 σωτῆρ.
1482 791 1540 856 Eu.
1571 792 1635 858 806

195 893 361 975 βρωτῆρας
390 889 512 971 αἰχμάς,
542 893 598 957 Pe.
629 894 691 958 949
721 897 828 970 γέννας
850 890 1068 974 πενθητῆρος,
1099 893 1159 956 Εα.
1186 891 1247 956 186
1279 893 1363 954 δίκαι
1391 894 1634 976 καρανιστῆρες;

197 995 282 1081 apud
309 994 504 1080 Sophoclem
536 994 605 1058 ΟΤ.
629 995 668 1059 81
693 994 770 1080 τύχη
802 993 928 1078 σωτῆρι,
960 994 1029 1060 OT.
1062 995 1123 1060 185
1152 999 1286 1072 ματέρες
1306 991 1438 1076 ἱκτῆρες,
1466 998 1528 1060 An.
1553 998 1635 1061 1014

196 1092 330 1176 Ἐρινύες
353 1096 550 1181 λωβητῆρες;
575 1098 664 1183 apud
687 1098 880 1184 Euripidem
903 1098 966 1161 Me.
991 1099 1054 1161 360
1076 1095 1185 1173 χθόνα
1209 1096 1337 1178 σωτῆρα
1359 1100 1473 1180 κακῶν,
1500 1099 1547 1164 El.
1572 1101 1635 1166 993

196 1195 291 1277 τιμὰς
314 1198 455 1280 σωτῆρας
478 1193 619 1282 ἕχοντεςς
651 1199 781 1264 Carciui
803 1201 843 1264 fr.
868 1203 887 1262 5
909 1203 1031 1282 μητέρα
1053 1199 1209 1282 μαστῆρα.
1255 1199 1393 1285 Saepius
1414 1212 1521 1264 tamen
1544 1225 1635 1268 usur·

197 1299 340 1388 pabatur
363 1302 515 1384 specialis
538 1303 642 1366 forma
665 1305 793 1387 generis
817 1303 973 1384 feminini,
997 1324 1080 1387 quae
1105 1314 1154 1365 est
1170 1321 1268 1382 τειρα,
1290 1313 1326 1364 ut
1342 1303 1429 1386 apud
1445 1297 1636 1380 Homerum,

197 1406 243 1468 ita
267 1404 355 1490 apud
381 1403 596 1490 Aeschylum,
623 1406 687 1492 Ag.
713 1405 796 1470 1466
817 1399 923 1488 Ἑλένη
946 1454 953 1468 .
978 1456 984 1468 .
1017 1454 1024 1467 .
1055 1399 1291 1484 ἀνδρολέτειρα,
1315 1403 1371 1467 Su.
1397 1405 1466 1484 169,
1490 1405 1542 1473 Se.
1564 1408 1636 1488 962,

198 1507 249 1583 al,
271 1505 360 1591 apud
383 1506 574 1590 Euripidem
598 1531 625 1574 e.
648 1532 679 1592 g.
707 1509 770 1573 Me.
794 1507 856 1572 528
882 1504 1026 1587 σώτειρα,
1058 1507 1136 1573 Her.
1160 1506 1232 1586 588,
1264 1507 1318 1569 Tr.
1346 1507 1416 1588 195,
1446 1508 1536 1580 nulla
1561 1531 1635 1572 con-

197 1612 320 1674 tinente
344 1610 533 1674 condicione
558 1623 614 1674 aut
636 1612 718 1694 lege.
766 1610 947 1696 Sophocles
977 1622 1087 1674 autern
1117 1609 1199 1672 hanc
1222 1611 1360 1673 formam
1382 1612 1509 1691 vitavit,
1532 1613 1577 1674 ita
1600 1621 1636 1674 ut

198 1734 297 1775 unum
322 1720 447 1774 certum
471 1712 559 1798 apud
584 1737 658 1777 eum
681 1714 810 1798 legatur
834 1714 1029 1798 exemplum,
1053 1713 1142 1797 quod
1167 1721 1213 1774 est
1229 1709 1444 1792 τεκνολέτειρα
1459 1715 1490 1776 in
1508 1715 1635 1776 cantico

198 1813 249 1878 El.
276 1816 346 1896 107,
379 1817 469 1878 cuius
502 1837 632 1879 causam
656 1815 863 1902 probabilem
887 1817 918 1878 in
942 1815 1006 1878 fine
1032 1815 1267 1878 dissertationis
1290 1813 1466 1877 allaturum
1490 1839 1541 1878 me
1565 1839 1636 1880 esse

199 1939 306 2001 spero.
352 1917 404 1981 De
441 1940 477 1982 eo
516 1930 636 1996 autem,
674 1920 762 2005 quod
797 1919 835 1984 fr.
868 1919 931 1984 938
964 1928 1072 1981 exstat
1105 1913 1300 1996 deoneratas
1329 1940 1349 1980 a
1378 1917 1514 1982 Polluce
1543 1919 1573 1999 3,
1597 1921 1636 1984 ta

197 2029 373 2100 servatum,
412 2023 502 2084 cuius
539 2023 643 2084 verba
682 2032 756 2084 sunt
795 2020 959 2082 deunana.
999 2011 1114 2098 οὐγὰρ
1145 2021 1320 2098 προσίεμαι
1352 2015 1410 2100 τῆν
1442 2019 1637 2098 Σοαοκλέονς

200 2117 425 2204 δεσπότειραν,
471 2124 556 2188 inira
602 2127 699 2188 etiam
746 2124 919 2187 dicendum
960 2125 1035 2203 erit,
1069 2116 1234 2204 εὕνῆτειρα
1270 2120 1409 2206 denique
1444 2119 1513 2188 OT.
1554 2126 1633 2187 1101

198 2226 384 2289 coniectura
397 2226 528 2311 quidem
541 2229 663 2312 optima
677 2237 735 2308 est,
751 2249 848 2311 quam
862 2247 961 2311 supra
983 2248 1015 2310 p.
1032 2225 1075 2288 20
1092 2223 1241 2309 probavi,
1265 2223 1421 2286 traditum
1441 2232 1549 2288 tamen
1572 2249 1636 2288 non

198 2336 256 2390 cst.
301 2326 398 2409 Quod
432 2341 538 2394 autem
573 2330 752 2416 Sophocles
789 2330 927 2392 formam
957 2329 1144 2391 femininam
1175 2327 1341 2406 reiciebat,
1375 2348 1439 2389 non
1463 2329 1636 2390 minimae

196 2441 290 2517 parte
315 2433 517 2496 efficiebatur
539 2435 705 2497 nominum
730 2454 814 2516 quae
839 2441 1017 2496 tractamus
1042 2429 1236 2512 significatu,
1260 2450 1324 2511 qua
1348 2426 1461 2490 eadem
1478 2429 1518 2492 de
1535 2452 1634 2494 causa

196 2534 432 2618 Aristophanes
469 2558 568 2598 unum
601 2532 742 2614 Σώτειρα
775 2533 964 2618 usurpabat,
999 2533 1057 2596 lla.
1089 2532 1151 2596 378
1191 2529 1230 2610 dne
1261 2530 1459 2616 Proserpina
1500 2530 1633 2598 dietum,

198 2657 304 2720 neque
340 2639 439 2700 ceteri
473 2639 589 2700 comici
621 2637 689 2699 ulla
724 2637 787 2701 alia
817 2637 930 2699 forma·
954 2633 1138 2699 utebantur.
1198 2631 1369 2697 Audenter
1400 2635 1499 2716 igitur
1529 2636 1633 2716 egisse

195 2738 327 2801 videtur
361 2739 555 2818 Meinekius,
587 2743 642 2825 qui
669 2738 846 2802 Teleclidis
876 2740 916 2802 fr.
948 2739 1001 2819 62,
1035 2737 1092 2801 ubi
1121 2737 1256 2800 Photius
1284 2735 1427 2820 glossam
1453 2739 1633 2815 μέμφειραν

198 2840 378 2924 explicavit
408 2838 466 2922 τῆν
495 2847 632 2922 μέμψιν,
664 2843 827 2924 corrigere
859 2840 973 2904 maluit
1001 2843 1210 2919 μέμτττειραν,
1240 2830 1298 2921 τῆν
1325 2841 1543 2920 μεμφομένην,
1573 2840 1634 2902 nisi

197 2943 283 3007 forte
323 2943 414 3007 hanc'
445 2941 586 3028 glossam
625 2967 666 3008 ex
705 2943 792 3008 elata
830 2944 971 3028 quadam
1010 2941 1197 3008 comoediae
1234 2951 1327 3027 parte
1365 2952 1526 3026 sumptam
1564 2964 1633 3004 esse

197 3053 359 3130 putamus.

307 3149 353 3212 Ut
382 3150 467 3212 inter
498 3150 590 3213 eain
621 3170 695 3230 τωρ,
725 3151 771 3214 ita
800 3171 841 3212 ne
871 3150 955 3212 inter
977 3147 1059 3211 haec
1083 3145 1214 3232 quidem
1236 3147 1376 3223 uomina,
1406 3168 1489 3230 quae
1513 3153 1635 3210 exeunt

195 3253 227 3314 in
269 3271 337 3333 τηρ,
384 3251 609 3316 formationem
657 3253 932 3316 denominativam
976 3251 1168 3329 invenimuS,
1214 3271 1310 3334 quam
1354 3251 1482 3312 omnino
1520 3259 1634 3312 contra

195 3365 348 3418 naturam
378 3357 485 3418 suffixi
516 3378 586 3419 esse
616 3357 680 3418 iam
711 3353 787 3419 dixi.
832 3354 926 3418 Unus
957 3363 1066 3426 autem
1098 3375 1118 3416 a
1154 3353 1269 3435 regula
1291 3355 1426 3415 recessit
1450 3351 1632 3434 Euripides

195 3456 246 3522 El.
283 3458 344 3520 168
383 3459 466 3520 enirn
505 3459 644 3539 legimus
681 3453 811 3540 ἤλυθον,
849 3451 1011 3536 Ἠλέκτρα,
1052 3454 1128 3516 ποτὶ
1164 3453 1224 3515 σὰν
1259 3447 1359 3515 αὗλάν
1387 3447 1573 3533 ἀγρότειραν
1602 3463 1634 3516 et

194 3557 317 3623 ibidem
340 3560 403 3624 163
425 3560 470 3642 τῷ
493 3553 603 3628 Μαίας
626 3551 776 3642 ἀγροτῆρι
798 3554 912 3641 κούρῳ,
934 3561 1042 3644 priore
1056 3558 1187 3643 quidem
1204 3557 1276 3619 loco
1294 3565 1441 3620 correcto
1458 3555 1634 3620 secundum

195 3660 281 3727 Plut.
306 3661 383 3745 Lys.
404 3662 451 3742 15,
475 3686 548 3727 cum
572 3661 700 3727 codices
722 3663 904 3747 praebeant
926 3658 1102 3742 ἀγροτέραν
1118 3651 1223 3736 αὐλάν,
1248 3659 1478 3722 altercantem
1496 3660 1633 3742 integre.

199 3763 388 3850 Euripidem
426 3789 500 3830 cum
537 3766 602 3830 alia
639 3767 694 3830 illa
723 3776 790 3829 tam
821 3764 934 3846 multa,
973 3786 1057 3849 quae
1088 3761 1254 3826 Troadum
1284 3765 1435 3834 maxime,
1472 3760 1633 3839 Electrae,

197 3868 285 3930 Ionis
309 3869 513 3953 temporibus
528 3868 683 3947 novabat,
704 3878 774 3932 tum
787 3867 848 3930 hoe
861 3888 979 3930 nomen
992 3868 1099 3951 ipsum
1111 3866 1267 3929 formasse
1280 3874 1421 3928 statuere
1434 3886 1498 3927 non
1511 3861 1634 3942 debite,

197 3977 230 4032 et
243 3979 331 4033 certo
345 3971 477 4054 quidem
490 3971 633 4053 consilio,
646 3973 725 4035 utin
739 3972 866 4034 cantico
880 3970 1072 4054 exquisitius
1096 3966 1174 4053 quid
1197 3969 1371 4052 proferret,
1384 3989 1457 4030 cum
1470 3962 1526 4029 Or.
1543 3966 1633 4045 1270,

198 4069 238 4134 al.
253 4093 368 4135 nomen
383 4064 518 4157 α’γρὸτης
539 4084 714 4158 usurparet
737 4075 852 4137 suffixo
875 4074 959 4135 iusto
972 4074 1175 4135 instructum.
1205 4067 1431 4133 Audacissime
1450 4077 1560 4131 autem
1571 4069 1635 4150 egit

198 4183 297 4258 poeta
312 4183 343 4237 et
356 4176 505 4239 formatio
522 4177 591 4239 eius
611 4198 717 4260 paene
740 4175 823 4238 falsa
845 4184 893 4236 est
916 4195 1022 4259 neque
1034 4175 1139 4236 minus
1157 4171 1329 4255 singularis
1349 4193 1447 4255 quarn
1463 4168 1633 4252 Sophoclis

196 4276 280 4342 illud
309 4275 515 4359 δεσπότειρα,
548 4281 603 4364 qui
633 4276 794 4360 δεσπότης
818 4299 935 4341 nomen
966 4277 1092 4359 agentis
1122 4277 1153 4351 in
1184 4293 1238 4354 της
1261 4295 1329 4336 esse
1352 4273 1510 4337 iudicavit
1533 4272 1633 4356 idque

198 4383 401 4466 comparavit
418 4403 490 4445 eum
507 4381 612 4445 forma
627 4379 801 4464 δεσποτηρ,
819 4403 838 4444 a
855 4402 921 4464 qua
937 4380 1126 4442 femininum
1141 4376 1223 4441 illud
1239 4377 1414 4440 derivaret.
1448 4373 1634 4438 Nominalia

196 4484 282 4547 enim
298 4484 331 4547 in
345 4504 404 4566 τηρ
422 4487 575 4548 exeuntia
597 4494 734 4548 naturae
757 4484 865 4546 suffixi
888 4491 1085 4566 repugnant,
1108 4502 1181 4544 cum
1202 4500 1261 4562 τηρ
1284 4477 1502 4562 significatum
1525 4479 1633 4540 termi-

195 4588 334 4650 nationis
354 4587 567 4672 partieipialis
582 4585 712 4665 habeat,
734 4607 839 4671 neque
855 4587 985 4649 omnino
1003 4581 1229 4647 formabantur
1244 4605 1264 4646 a
1280 4581 1425 4647 Graecis.
1447 4575 1633 4662 Εθελοντῆρ

196 4691 282 4752 enim
312 4697 344 4754 et
372 4687 588 4773 τιεντηκοντῆρ
617 4711 636 4754 a
664 4687 810 4774 D'Ooge,
842 4690 898 4774 qui
926 4690 1078 4752 suffixum
1108 4708 1167 4769 τηρ
1196 4685 1380 4750 nominibus
1403 4681 1479 4746 addi
1502 4681 1633 4746 solitum

197 4813 268 4856 esse
293 4791 470 4872 contendit,
493 4792 576 4856 falso
601 4791 702 4856 allata
724 4802 814 4875 sunt;
837 4784 994 4874 αἰχμητῆρ
1017 4799 1126 4855 autem
1149 4789 1284 4853 verbale
1308 4807 1377 4850 esse
1393 4785 1477 4849 infra
1497 4785 1632 4849 docebo.
