3796 5518
821 419 1030 482 ...49-

206 609 335 672 omniuo
371 628 466 693 uago.
530 605 619 672 Nihil
657 606 742 670 enirn
777 605 963 690 significare
1001 615 1111 694 potest
1142 630 1261 674 nomen
1292 609 1354 674 nisi
1389 610 1495 695 ipsum
1532 620 1641 680 actum

205 708 423 795 immigrandi,
457 716 494 772 ut
532 707 681 774 similiter
714 710 845 774 uomina
872 711 1011 774 actionis
1041 718 1116 774 sunt
1145 705 1310 796 ἐξοίκησις,
1338 705 1517 797 ἄποίκησις.
1571 712 1645 779 Non

206 822 318 878 autem
350 834 421 878 esse
449 821 560 898 potest
589 811 633 893 id,
662 812 695 876 in
718 811 806 897 quod
830 813 902 898 quis
925 813 1089 896 migravit,
1120 814 1211 878 euius
1233 835 1311 879 usus
1336 814 1487 900 exempla
1509 837 1644 901 prorsus

205 913 333 997 desunt,
368 937 441 980 cum
477 913 661 980 nominibus
691 904 831 991 ἄποικία,
862 917 1014 996 συνοικία,
1044 937 1129 1000 quae
1152 937 1171 980 a
1194 917 1296 1002 stirpe
1326 917 1427 982 ducta
1450 927 1534 998 sunt,
1565 916 1645 982 nihil

205 1017 374 1103 probetur.
428 1015 574 1081 Verbum
596 1026 707 1080 autem
736 1012 877 1080 είσοικέω
909 1038 980 1082 esse
1003 1039 1068 1083 non
1084 1028 1193 1104 potest
1210 1018 1380 1102 „habitare
1395 1017 1457 1100 in,“
1475 1014 1647 1104 είσοίκησις

205 1121 305 1204 igitur
328 1117 392 1184 non
414 1118 458 1201 id,
484 1120 517 1182 in
541 1140 605 1204 quo
629 1119 702 1204 quis
725 1117 861 1202 habitat,
884 1141 956 1183 cum
981 1116 1026 1189 εἷς
1047 1120 1134 1186 idem
1156 1143 1221 1186 nou
1244 1124 1284 1186 sit
1307 1122 1395 1208 quod
1418 1117 1465 1202 ἐν,
1487 1143 1571 1207 quae
1593 1144 1647 1188 res

205 1222 380 1288 nonnullos
402 1221 525 1306 fugisse
547 1221 689 1286 videtur.
721 1221 798 1286 Iure
820 1222 920 1304 igitar
942 1223 1041 1288 Anth.
1058 1223 1128 1288 Pal.
1146 1225 1174 1306 l,
1194 1225 1268 1306 320,
1292 1225 1388 1289 unico
1410 1222 1564 1306 locoillo‚
1579 1246 1645 1310 quo

206 1325 267 1390 hoc
296 1325 435 1390 verbum
464 1325 638 1405 invenitur,
672 1325 780 1403 Τίμων
809 1318 1045 1405 μισάνθρωπος
1074 1320 1214 1409 ἔσοικέω,
1242 1336 1452 1392 mutaverunt
1473 1327 1537 1390 viri
1560 1325 1646 1391 docti

205 1430 239 1492 iu
261 1422 398 1494 ἐνοικέω.
442 1427 493 1492 Εο
518 1435 637 1508 autem,¹
661 1426 750 1512 quod
772 1424 912 1492 Jebbius
935 1427 978 1492 ad
1000 1426 1233 1494 illustrandum
1255 1426 1337 1492 illud
1367 1419 1454 1498 ἅπαξ
1473 1423 1647 1508 λεγόμενον

206 1529 327 1608 attulit,
358 1523 555 1612 ἒξοικῄσιμος
583 1528 708 1593 scilieet
737 1525 806 1594 OO.
830 1529 882 1610 27,
910 1528 990 1594 nihil
1023 1531 1222 1617 proficimus,
1251 1553 1326 1596 cum
1349 1525 1486 1604 ἄξοικεῐν
1507 1531 1646 1595 verbum

207 1633 249 1698 sit
282 1632 499 1698 transitivum.
559 1630 733 1696 Passivum
762 1630 840 1695 ferri
872 1644 984 1716 posset
1018 1654 1118 1698 unum
1147 1627 1312 1717 ἐνοίκησις,
1340 1643 1377 1696 ut
1405 1635 1547 1720 posteris
1567 1643 1646 1698 tcm-

207 1734 345 1822 poribus
367 1733 543 1800 formatum
568 1744 617 1799 est
638 1733 804 1817 διοίκησις.
849 1733 1001 1820 Apparet
1023 1736 1123 1818 igitur
1145 1758 1264 1802 nomeu
1286 1731 1455 1818 είσοίκησις
1476 1736 1557 1800 ferri
1579 1757 1646 1800 non

204 1859 302 1926 posse
340 1834 413 1902 loeo
453 1858 550 1921 quem
587 1843 775 1902 tractamur.
835 1836 947 1921 Ipsum
984 1836 1076 1920 illud,
1115 1839 1206 1924 quod
1235 1850 1334 1923 poeta
1365 1838 1501 1924 scripsit,
1535 1837 1644 1904 adhuc

100 1941 103 1947 ’
182 1941 373 2032 vinventurn
396 1961 462 2004 non
485 1948 535 2002 est
557 1959 666 2024 neque
689 1959 750 2024 ego
774 1941 901 2021 inveni;
925 1961 1021 2026 spero
1045 1949 1154 2006 tamen
1175 1943 1264 2005 viam
1287 1963 1338 2004 me
1358 1962 1428 2006 esse
1443 1941 1645 2006 demonstra-

208 2052 329 2125 turum,
353 2063 418 2127 qua
432 2038 676 2126 procedendum
690 2041 752 2105 erit
767 2041 823 2122 eis,
839 2043 894 2127 qui
912 2063 1029 2106 sanare
1045 2041 1251 2107 conabuntur
1268 2044 1500 2129 corruptelam.
1527 2040 1643 2109 Ortum

207 2145 291 2210 enim
308 2166 378 2208 esse
392 2143 467 2208 dico
482 2164 600 2210 nomen
614 2139 790 2228 είσοίκησιν
803 2166 821 2208 e
833 2143 963 2210 duobus
974 2144 1144 2210 vocabulis
1156 2141 1201 2214 εἰς
1211 2141 1346 2228 οἴκησιν,
1361 2168 1445 2232 quae
1458 2168 1533 2210 eum
1544 2147 1645 2230 serip-

206 2248 287 2312 sisse
301 2255 393 2334 puto,
417 2248 473 2332 qui
491 2245 575 2310 falso
601 2242 701 2324 ἴωμεν
719 2268 792 2312 cum
815 2246 927 2311 verbis
948 2242 994 2316 εἰς
1016 2243 1137 2328 οἴκησιν
1159 2248 1388 2333 coniungebat,
1409 2269 1483 2312 cnm
1507 2246 1646 2312 verbum

205 2348 289 2414 illud
305 2345 403 2428 ἴωμεν
418 2347 460 2412 ad
474 2349 712 2435 protectionem
735 2348 777 2413 ab
800 2349 907 2414 insula
929 2371 1000 2414 esse
1022 2349 1231 2416 referendum
1246 2353 1303 2414 vix
1319 2359 1367 2416 est
1383 2350 1470 2436 quod
1485 2373 1644 2416 moneam.

207 2450 436 2536 corruptelam
452 2462 562 2516 autem
583 2449 648 2516 loci
670 2450 767 2514 altius
790 2453 888 2515 etiam
913 2450 1134 2536 quaerendam
1156 2474 1228 2518 esse
1251 2463 1443 2536 argumento
1466 2463 1515 2518 est
1538 2452 1645 2518 adiee-

205 2557 308 2622 tivum
324 2548 432 2624 ἄοικος
446 2552 539 2635 illud,
555 2551 644 2640 quod
658 2575 723 2620 uno
739 2553 886 2619 hocloco
899 2553 1062 2638 significat
1079 2553 1237 2637 „[domus]
1254 2577 1338 2642 quae
1353 2577 1418 2622 non
1434 2554 1549 2621 domus
1564 2552 1648 2637 est“,

208 2681 285 2724 oum
302 2658 419 2723 ceteris
444 2657 594 2722 omnibus
616 2656 697 2721 locis
721 2667 824 2722 exstet
840 2679 901 2745 pro
918 2679 966 2737 eo,
982 2657 1071 2743 quod
1087 2667 1136 2722 est
1154 2659 1241 2743 „sine
1257 2657 1384 2722 domo“.
1430 2657 1521 2723 Talis
1536 2668 1646 2748 autem

209 2761 365 2828 adiectivi
405 2781 482 2824 usus
516 2761 657 2824 maxime
696 2757 899 2846 Sophoclem
932 2773 999 2842 est;
1043 2769 1273 2847 exspectamus
1307 2770 1416 2825 autem
1449 2768 1524 2846 post
1562 2760 1646 2826 illud

208 2862 290 2928 adeo
321 2885 386 2929 uon
408 2883 526 2927 nomeu
549 2861 683 2927 alterius
706 2861 909 2928 formationis
935 2884 1043 2948 neque
1068 2884 1141 2928 oum
1163 2864 1405 2948 praepositione
1427 2865 1647 2945 coniunctum,

206 2975 243 3032 ut
276 2989 377 3031 unum
414 2956 497 3034 οἶκος
530 2963 718 3046 toleremus,
753 2962 846 3029 velut
877 2965 1015 3050 legimus
1051 2965 1110 3032 Ph.
1141 2965 1203 3032 848
1230 2958 1332 3038 ἄπνος
1353 2959 1485 3048 ἄυπνος,
1507 2965 1560 3032 Ai.
1582 2965 1648 3032 665

206 3064 316 3150 ἄδωρα
337 3066 433 3152 δῶρα,
457 3068 505 3135 ΕΙ.
531 3067 613 3134 1154
634 3061 741 3150 μήτηρ
764 3058 904 3152 ἀμήτωρ,
928 3068 1003 3135 alia.
1039 3069 1158 3133 Iamsi
1182 3091 1301 3134 nomen
1323 3059 1406 3137 οἶκος
1427 3070 1646 3134 necessarium

208 3181 267 3253 est,
297 3172 340 3237 ad
374 3170 547 3236 articulum
571 3168 630 3252 τήν
652 3171 708 3255 qui
730 3168 928 3254 respondeat
954 3173 1177 3235 accusativum
1199 3171 1390 3236 femininum
1412 3170 1646 3237 desideramus.

207 3273 370 3358 Legamus
401 3275 501 3357 igitur
531 3266 639 3335 ἄοικον
670 3268 769 3344 οἴκου,
801 3271 963 3338 adiectivo
993 3272 1161 3358 enallages
1191 3273 1297 3338 forma
1326 3274 1469 3360 quadam
1498 3272 1541 3338 ad
1562 3276 1646 3338 inse·

209 3385 362 3462 quantem
399 3376 624 3441 accusativum
661 3375 779 3457 relato,
815 3378 872 3462 qui
907 3397 986 3442 usus
1022 3398 1086 3443 non
1117 3399 1211 3442 rarus
1244 3387 1302 3458 est,
1334 3377 1427 3442 velut
1454 3379 1519 3443 An.
1549 3373 1649 3446 793t4

207 3476 329 3564 legitur
373 3473 414 3540 σὺ
452 3478 506 3542 καί
544 3478 620 3541 τόδε
648 3485 751 3546 νεῖκος
786 3473 912 3558 ἀνδρῶν
940 3480 1091 3559 ξύναιμον
1120 3476 1202 3557 ἔχεις
1229 3476 1375 3560 ταράξας.
1433 3480 1508 3545 Ηοο
1537 3490 1647 3544 autem

208 3583 398 3647 accusativo
418 3581 496 3668 quid
523 3585 739 3662 contineatur,
759 3582 975 3665 repetendum
999 3593 1049 3647 est
1071 3605 1089 3648 e
1112 3603 1210 3646 versu
1225 3583 1267 3647 32
1282 3573 1349 3645 οὐδ’
1370 3577 1464 3646 ἔνδον
1485 3574 1648 3650 οἰκοποιός

210 3679 284 3748 duat
324 3703 370 3754 τις
413 3683 527 3770 τρυφή.
585 3683 662 3749 Ηαο
704 3684 825 3750 ducere
859 3686 952 3770 potui
985 3694 1211 3770 quaerentem
1246 3686 1354 3769 ipsum
1386 3707 1504 3750 nomen
1534 3693 1571 3748 ut
1599 3685 1647 3748 in·

208 3789 355 3852 venirem
376 3788 453 3852 mihi
474 3809 538 3854 non
563 3788 707 3871 contigit.

311 3892 404 3958 Haec
433 3892 475 3957 de
504 3913 566 3956 usu
594 3891 796 3974 tragicorum
827 3888 965 3958 dicenda
996 3899 1097 3956 erant.
1143 3889 1181 3954 ln
1212 3888 1380 3954 comoedia
1409 3890 1559 3975 passivus
1588 3887 1648 3952 ille

209 3993 409 4079 significatus
442 3996 607 4059 nominum
631 3993 676 4056 ‘in
713 4006 761 4061 σις
794 3991 892 4079 plane
927 3991 1029 4074 deest,
1065 4015 1138 4058 cum
1167 3989 1290 4076 οἴκησις
1319 3991 1379 4056 Th.
1401 3992 1474 4072 272,
1503 3991 1559 4056 Ec.
1583 3991 1647 4056 674

209 4117 357 4160 sermone
387 4096 474 4162 elato
504 4096 626 4161 dictum
661 4096 702 4158 sit
732 4117 793 4179 pro
816 4094 966 4160 sollemni
989 4095 1046 4160 illa
1067 4115 1150 4160 voce
1174 4090 1266 4158 οἰκία.
1311 4095 1514 4180 Metonymia
1536 4104 1647 4160 tamen

208 4199 350 4284 quadam
373 4202 433 4276 usi,
457 4201 509 4264 cui
532 4195 779 4283 cognoscendae
802 4198 889 4263 infra
913 4199 1016 4283 magis
1039 4196 1274 4278 incumbemus,
1291 4199 1406 4284 paucis
1427 4196 1508 4264 locis
1531 4200 1648 4264 comici

208 4303 437 4368 terminatione
466 4302 524 4366 illa
555 4317 603 4370 σος
633 4303 885 4367 instrumentum
915 4299 1155 4384 significabant,
1178 4320 1242 4385 quo
1266 4301 1352 4364 actio
1375 4300 1555 4385 perficitur.
1600 4300 1647 4365 Ut

209 4403 299 4490 apud
326 4403 407 4470 alios
428 4398 520 4485 βάσις
541 4426 602 4489 pro
625 4403 713 4490 pede
736 4403 875 4487 legimus
899 4403 1030 4489 aliaque
1051 4405 1191 4485 uomina,
1214 4403 1260 4466 sic
1282 4404 1371 4487 apud
1393 4404 1647 4489 Aristophanem

208 4499 374 4590 ἐννήρνσις
395 4508 477 4575 Ach.
502 4508 574 4588 245,
597 4501 758 4589 οἶνήρνσις
779 4506 901 4572 ibidem
928 4507 1019 4589 1067,
1041 4501 1182 4587 λόφωσις
1210 4506 1274 4572 Av.
1297 4507 1374 4587 291,
1401 4511 1560 4585 πτέρωσις
1581 4505 1646 4570 Av.

208 4611 259 4687 94,
273 4612 325 4694 97,
342 4635 480 4699 quorum
503 4623 613 4677 tamen
637 4610 703 4675 duo
725 4609 807 4676 haec
829 4620 996 4696 postrema
1019 4611 1051 4674 in
1075 4610 1239 4674 communi
1260 4630 1322 4674 usu
1342 4617 1432 4673 certa
1453 4630 1519 4672 non
1542 4616 1648 4672 erant.

315 4715 441 4782 Eodem
475 4717 583 4799 modo,
615 4736 681 4801 quo
712 4717 844 4780 nomina
865 4714 897 4779 in
921 4731 980 4796 σις,
1011 4735 1048 4778 ca
1072 4734 1213 4799 quoque,
1236 4733 1320 4799 quae
1345 4713 1377 4775 iu
1399 4730 1459 4790 μος
1480 4709 1650 4791 liniuntur,

208 4817 411 4885 abstractam
440 4822 507 4884 vim
537 4817 690 4883 infinitivi
720 4840 799 4904 prae
830 4840 865 4883 se
893 4815 1053 4885 ferebant.
1097 4816 1234 4881 Praeter
1261 4812 1345 4878 illud
1373 4803 1524 4896 ἀριθμός,
1554 4813 1650 4877 ouius
1683 4831 1686 4838 '

1471 4913 1489 4968 4
